3125 4942
267 448 309 510 36
651 458 698 508 nn
720 458 862 508 aarum
884 457 1040 508 unorum.

265 603 360 669 factis
386 605 529 690 praemia
555 613 669 670 extent
693 605 761 669 ulla
787 626 846 668 nec
875 603 1034 689 supplicia
1058 603 1208 689 peccatis
1234 602 1280 667 sic
1310 600 1425 666 mundi

266 706 378 770 divina
393 705 441 790 [in
455 705 616 790 homines]
632 706 812 771 moderatio
831 707 974 791 profecto
990 706 1081 771 nulla
1095 714 1154 784 est,
1169 704 1246 770 siin
1261 727 1301 770 ea
1314 703 1425 768 discri-

267 832 343 875 men
357 811 485 875 nullum
500 819 550 875 est
564 810 722 874 bonorum
737 819 772 875 et
787 810 953 874 malorum.

214 917 252 977 86
331 912 379 977 At
394 913 481 977 enim
496 912 622 976 minora
635 912 670 976 di
684 912 864 998 neglegunt
878 934 985 997 neque
1005 913 1125 998 agellos
1145 911 1344 996 singulorum
1365 931 1426 975 nee

266 1016 415 1080 viticulas
429 1023 670 1101 persequuntur
684 1037 754 1095 neo,
769 1015 798 1079 si
814 1016 915 1080 uredo
934 1024 994 1079 aut
1008 1015 1130 1101 grando
1148 1015 1289 1101 cuipiam
1306 1013 1425 1092 nocuit,
1461 1024 1477 1084 5

267 1118 301 1183 id
316 1119 339 1183 J
340 1119 393 1182 ovi
407 1117 729 1182 animadvertendum
745 1117 829 1197 fuit3
852 1139 893 1182 ne
905 1118 940 1182 in
951 1117 1059 1204 regnis
1070 1117 1202 1204 quidem
1214 1140 1305 1205 reges
1317 1117 1426 1181 omnia

267 1220 404 1286 minima
432 1230 564 1302 curant3
595 1221 640 1285 sic
669 1221 758 1286 enim
788 1221 904 1287 dicitis.
949 1222 1051 1302 Quasi
1074 1245 1133 1308 ego
1159 1222 1256 1307 paulo
1282 1229 1357 1286 ante
1384 1220 1425 1285 de

266 1324 367 1390 fundo
390 1325 562 1390 Formiano
582 1325 618 1390 P.
633 1324 752 1388 Rutilii
774 1325 836 1390 sim
858 1335 1001 1410 questus,
1022 1348 1086 1389 non
1109 1325 1149 1390 de
1172 1325 1290 1390 amissa
1310 1324 1424 1388 salute.

266 1426 426 1492 XXXVI.
467 1427 579 1512 Atque
594 1427 654 1492 hoc
669 1427 802 1512 quidem
817 1450 929 1492 omnes
943 1427 1096 1492 mortales
1111 1428 1157 1492 sic
1171 1427 1302 1504 habent,
1319 1434 1425 1491 exter-

266 1554 325 1596 nas
340 1530 594 1608 commoditates,
608 1530 728 1608 vineta,
743 1539 878 1616 segetes,
894 1531 1023 1610 oliveta,
1040 1533 1225 1597 uberiatem
1243 1531 1372 1616 frugum
1391 1536 1426 1593 et
1443 1547 1482 1585 10

266 1635 441 1712 fructuum,
467 1656 596 1698 omnem
633 1633 774 1718 denique
811 1635 1075 1700 commoditatem
1112 1634 1425 1720 prosperitatemque

266 1738 354 1802 ritae
367 1758 388 1801 a
402 1736 452 1801 dis
467 1757 501 1800 se
516 1735 655 1818 habere;
678 1736 835 1802 virtutem
850 1729 962 1803 autem
977 1759 1073 1802 nemo
1088 1761 1244 1825 umquam
1259 1745 1424 1822 acceptam

214 1848 252 1906 87
266 1840 328 1906 deo
342 1840 478 1905 rettulit.
523 1840 690 1904 Nimirum
705 1849 810 1919 recte;
832 1849 964 1926 propter
978 1841 1135 1906 virtutem
1156 1841 1244 1905 enim
1260 1841 1335 1926 jure
1355 1840 1425 1904 lau·

267 1945 384 2010 damur
404 1952 439 2009 et
461 1943 496 2008 in
510 1944 634 2009 virtute
655 1953 743 2009 recte
764 1945 959 2031 gloriamur;
982 1945 1068 2029 quod
1088 1967 1153 2010 non
1173 1945 1382 2030 contingeret,
1398 1945 1426 2009 si

266 2049 301 2114 id
316 2049 438 2114 donum
453 2072 474 2113 a
488 2049 557 2126 deo,
568 2072 635 2114 non
649 2073 670 2114 a
684 2049 777 2115 nobis
793 2051 995 2115 haberemus.
1025 2051 1072 2114 At
1087 2071 1162 2114 vero
1178 2059 1236 2114 aut
1250 2050 1425 2114 honoribus
1443 2075 1479 2134 15

267 2153 356 2218 aucti
370 2161 428 2217 aut
443 2175 478 2217 re
493 2153 654 2230 familiari,
666 2161 725 2217 aut
739 2153 767 2218 si
781 2153 870 2218 aliud
887 2152 1055 2238 quippiam
1070 2153 1158 2217 nacti
1173 2175 1284 2218 sumus
1299 2152 1426 2217 fortuiti

267 2257 345 2321 boni
369 2267 429 2322 aut
454 2257 640 2343 depulimus
665 2257 754 2335 mali,
780 2266 853 2321 tum
876 2258 926 2323 dis
948 2257 1069 2344 gratias
1091 2257 1226 2342 agimus,
1248 2265 1320 2321 tum
1342 2256 1425 2321 nihil

267 2368 395 2425 nostrae
418 2361 508 2425 laudi
528 2368 732 2445 assumptum
755 2360 957 2425 arbitramur.
1004 2361 1095 2425 Num
1118 2361 1199 2445 quis,
1217 2360 1302 2446 quod
1322 2359 1427 2425 bonus

267 2462 317 2527 vir
337 2471 430 2542 esset,
444 2462 564 2549 gratias
583 2463 633 2527 dis
656 2463 724 2550 egit
745 2467 926 2548 umquam?
949 2471 982 2528 at
1003 2464 1090 2549 quod
1107 2463 1205 2540 dives,
1221 2463 1306 2548 quod
1327 2464 1426 2528 hono-

266 2575 366 2644 ratus,
388 2566 475 2651 quod
497 2566 677 2632 incolumis.
724 2568 906 2653 Jovemque
933 2567 1092 2653 optimum
1116 2575 1150 2632 et
1175 2566 1354 2632 maximum
1384 2567 1426 2632 ob
1441 2597 1482 2637 20

267 2685 325 2735 eas·
344 2692 395 2735 res
421 2671 597 2756 appellant,
624 2693 690 2734 non
712 2671 799 2756 quod
821 2693 880 2736 nos
901 2671 1015 2756 justos,
1038 2680 1241 2757 temperatos,
1263 2671 1426 2756 sapientes

215 2780 254 2838 88
267 2773 396 2852 efficiat,
411 2773 468 2838 sed
483 2773 569 2858 quod
589 2775 703 2850 salvos,
716 2774 903 2849 incolumes,
920 2774 1098 2859 opulentos,
1114 2773 1264 2860 copiosos.
1308 2773 1425 2859 Neque

267 2877 403 2943 Herculi
424 2876 595 2963 quisquam
618 2877 789 2942 decumam
812 2877 900 2943 vovit
924 2900 1089 2964 umquam,
1113 2878 1139 2942 si
1163 2877 1292 2963 sapiens
1321 2878 1425 2942 factus

267 2989 360 3047 esset
404 2980 609 3066 Quamquam
624 2980 825 3066 Pythagoras
839 3003 914 3046 oum
929 2981 964 3044 iu
978 2981 1155 3066 geometria
1173 2980 1329 3066 quiddam
1348 2979 1425 3044 novi

266 3084 451 3160 invenisset,
467 3084 570 3148 Musis
584 3085 701 3149 bovem
721 3083 905 3149 immolasse
927 3083 1046 3149 dicitur
1054 3108 1063 3164 ;
1087 3084 1143 3148 sed
1158 3082 1192 3147 id
1207 3082 1339 3168 quidem
1359 3104 1425 3147 non
1442 3111 1479 3169 ²5

267 3186 370 3264 credo,
385 3185 539 3271 quoniam
553 3185 609 3250 ille
623 3207 666 3250 ne
680 3186 827 3271 Apollini
842 3185 975 3272 quidem
990 3186 1086 3250 Delio
1101 3186 1240 3250 hostiam
1257 3184 1424 3250 immolare

267 3289 380 3369 voluit,
393 3311 436 3354 ne
450 3311 539 3353 aram
554 3288 711 3374 sanguine
726 3297 919 3375 aspergeret.
956 3289 1008 3353 Ad
1024 3313 1090 3355 rem
1107 3297 1219 3354 autem
1233 3297 1272 3353 ut
1286 3288 1425 3367 redeam,

268 3393 425 3481 judicium
440 3395 500 3459 hoe
515 3395 661 3459 omnium
676 3394 863 3459 mortalium
878 3404 937 3473 est,
951 3397 1114 3460 fortunam
1129 3417 1149 3459 a
1164 3395 1224 3458 deo
1241 3392 1424 3479 petendam,

269 3520 289 3561 a
312 3519 347 3562 se
372 3495 441 3581 ipso
471 3496 662 3562 sumendam
688 3517 757 3562 esse
783 3497 984 3581 sapientiam.
1028 3496 1185 3578 Quamvis
1214 3495 1290 3560 licet
1319 3495 1427 3561 Menti

269 3601 404 3668 delubra
427 3608 460 3665 et
474 3599 601 3665 Virtuti
622 3609 657 3665 et
678 3599 772 3665 Fidei
794 3622 1022 3678 consecremus,
1044 3610 1154 3668 tamen
1176 3599 1255 3663 haec
1277 3597 1311 3662 in
1332 3598 1426 3664 nobis
1441 3623 1481 3678 30

269 3706 348 3791 ipsis
369 3704 434 3770 sita
448 3703 613 3784 videmus;
637 3704 724 3789 Spei,
741 3701 873 3781 Salutis,
893 3703 982 3789 Opis,
999 3702 1162 3769 Victoriae
1182 3702 1318 3768 facultas
1337 3725 1358 3766 a
1376 3702 1427 3767 dis

269 3805 452 3892 expetenda
474 3813 531 3869 est.
577 3804 805 3890 Improborum
826 3804 928 3890 igitur
953 3804 1180 3891 prosperitates
1203 3803 1427 3888 secundaeque

269 3930 321 3973 res
343 3906 551 3994 redarguunt,
573 3915 612 3970 ut
637 3907 801 3992 Diogenes
827 3907 964 3986 dicebat,
986 3907 1053 3971 vim
1079 3929 1209 3973 omnem
1232 3905 1364 3970 deorum
1389 3929 1427 3970 ao

321 4119 337 4165 2
353 4118 382 4166 ia
393 4117 503 4167 homiues
514 4132 571 4176 iras,
581 4117 721 4170 bracketed
731 4119 766 4183 by
775 4119 833 4170 edd.
846 4121 913 4171 after
923 4121 1007 4172 Bouh.
1108 4121 1124 4170 5
1139 4121 1251 4183 cuipiam
1262 4119 1302 4170 OB
1314 4119 1358 4169 Or.
1367 4118 1425 4179 Ba,

271 4199 385 4262 quipiam
394 4196 459 4255 AlB,
476 4201 608 4262 quippiam
620 4201 677 4250 ΑΝ
688 4201 747 4252 Oxi.
761 4200 820 4252 Soh.
834 4201 886 4254 Mu
977 4205 993 4251 8
1009 4202 1041 4251 P.
1053 4203 1150 4251 Rutilii
1161 4203 1209 4251 sim
1220 4200 1244 4249 A
1255 4199 1312 4264 (rim
1323 4200 1351 4249 in
1362 4205 1426 4263 ras.)

271 4279 493 4345 [P],‘protuiirrem
504 4281 575 4342 CER,
586 4297 615 4344 p.
622 4284 741 4332 attilium
752 4283 820 4345 Oxi,
831 4300 859 4347 p.
869 4285 945 4334 miili
955 4287 1004 4334 eim
1013 4283 1094 4334 ΒΗ.
1172 4285 1187 4335 9
1204 4289 1288 4346 atque,
1300 4285 1373 4346 atqui
1384 4282 1427 4333 Bi.

272 4365 305 4413 25
320 4365 458 4414 immune
469 4363 514 4412 PV
525 4363 585 4414 Sola
597 4365 661 4427 Ma,
678 4367 844 4416 imnwlavirre
855 4367 966 4419 ABGEB
978 4366 1037 4418 Oxi.
1049 4367 1093 4418 Or.
1105 4367 1153 4417 Ba.
1251 4365 1283 4416 31
1299 4367 1363 4429 ipris
1374 4367 1426 4416 rita

272 4447 317 4509 A’,
327 4448 378 4510 ipsi
387 4449 439 4497 rita
451 4446 491 4508 A1,
504 4449 567 4511 ipris
578 4449 618 4499 ita
628 4449 760 4500 BGEPVB
771 4450 831 4500 011.
838 4461 872 4505 ÷.
