3125 4942
434 443 498 490 mn.
521 442 564 490 111
586 441 659 490 car.
683 441 820 489 rur—x
842 423 880 508 ἓξ
903 427 1041 490 21—25.
1297 427 1316 488 9

155 610 287 674 quoque
302 587 425 654 artium
440 590 589 654 homines
603 611 642 654 ex
659 612 697 655 eo
717 593 952 675 procreantur?
997 589 1091 654 Nihil
1107 589 1207 675 igitur
1222 589 1317 653 affert

154 701 250 778 pater
269 693 331 758 iste
352 694 545 770 Stoicorum,
567 717 667 780 quare
689 695 848 758 mundum
873 695 996 758 ratione
1019 695 1070 758 uti
1093 703 1254 780 putemus,
1275 715 1316 756 ne

93 845 98 854 .
154 818 214 860 eur
232 796 434 861 animantem
454 798 587 882 quidem
610 820 687 863 esse.
732 798 811 861 Non
829 807 879 862 est
900 797 1001 882 igitur
1018 797 1159 862 mundus
1177 796 1267 874 deus,
1284 805 1317 860 et

153 907 269 963 tamen
290 899 375 963 nihil
397 907 453 964 est'
469 923 506 964 eo
529 901 664 979 melius3
688 899 773 964 nihil
795 907 844 964 est
867 901 954 964 enim
977 922 1014 964 eo
1036 899 1211 985 pulchrius,
1233 899 1316 964 nihil

121 1001 331 1082 gealutarius
356 1001 456 1077 nobis,
480 1003 563 1067 nihil
589 1004 736 1068 ornatius
761 1011 894 1089 aspectu
922 1011 1079 1088 motuque
1106 1003 1314 1068 constantius.

154 1104 280 1184 Quodsi
296 1106 437 1169 mundus
454 1107 623 1170 universus
638 1128 703 1170 non
719 1112 770 1171 est
789 1107 878 1184 deus,
894 1128 934 1171 ne
950 1107 1063 1170 stellae
1079 1106 1220 1191 quidem,
1236 1127 1316 1191 quas

153 1217 194 1272 tu
224 1208 478 1274 innumerabiles
508 1210 543 1274 in
573 1209 707 1275 deorum
737 1231 873 1274 numero
903 1210 1089 1296 reponebas,
1115 1232 1252 1295 quarum
1283 1219 1316 1275 te

154 1336 269 1378 cursus
283 1314 470 1400 aequabiles
484 1316 673 1400 aeternique
685 1314 901 1392 delectabant,
913 1337 972 1380 uec
984 1314 1168 1378 mehercule
1181 1314 1317 1399 injuria;

154 1424 234 1480 sunt
248 1415 335 1480 enim
352 1417 536 1481 admirabili
552 1417 798 1502 incredibilique
814 1418 1005 1482 constantia
1038 1416 1102 1481 Sed
1119 1437 1182 1480 non
1199 1417 1316 1494 omnia,
1330 1429 1369 1487 24

103 1546 141 1586 ιο
155 1515 268 1598 Balbe,
286 1543 371 1605 quae
393 1543 505 1585 cursus
526 1530 630 1586 certos
653 1530 688 1586 et
710 1529 896 1585 constantes
916 1519 1047 1598 habent,
1067 1520 1185 1584 eadee
1208 1519 1316 1605 potius

154 1624 328 1688 tribuenda
344 1633 421 1688 suut
436 1647 534 1710 quam
550 1634 694 1689 naturae.
750 1625 791 1688 X.
838 1623 924 1703 Quid
945 1622 1128 1688 Chalcidico
1145 1623 1265 1709 Euripo
1281 1624 1316 1687 in

153 1735 247 1791 motu
263 1727 443 1791 identidem
453 1725 681 1812 reciprocando
695 1734 792 1811 putas
807 1725 877 1790 fieri
892 1747 984 1812 posse
996 1725 1217 1791 constantius?
1237 1725 1317 1812 quid

153 1831 237 1894 freto
253 1830 439 1896 Siciliensi?
461 1831 540 1918 quid
556 1829 680 1896 Oceani
694 1829 817 1895 fervore
833 1829 897 1893 illis
912 1827 947 1892 in
961 1828 1047 1905 locis,

296 1985 462 2056 Europam
481 1983 689 2056 Libyamque
706 2001 809 2055 rapax
826 1982 883 2036 ubi
902 1981 1027 2036 dividit
1045 1980 1152 2035 undat

99 2154 112 2192 1
119 2150 137 2210 5
154 2123 242 2205 Quid
253 2127 266 2189 l
284 2132 393 2190 aestus
403 2124 562 2189 maritimi
573 2124 626 2188 vel
637 2121 872 2209 Hispanienses
884 2122 935 2186 vel
948 2120 1128 2186 Britannici
1140 2144 1315 2208 eorumque

153 2229 250 2294 certis
272 2228 475 2313 temporibus
498 2229 550 2292 vel
572 2250 718 2292 accessus
739 2227 793 2293 vel
815 2249 959 2292 recessus
982 2227 1051 2291 sine
1075 2225 1135 2290 deo
1157 2226 1228 2292 fieri
1250 2251 1315 2293 non

152 2338 314 2418 possunt?
357 2333 450 2411 Vide,
466 2355 595 2418 quaeso,
610 2332 637 2396 si
656 2354 769 2396 omnes
789 2339 897 2396 motus
918 2331 1099 2416 omniaque,
1116 2353 1198 2417 quae
1219 2333 1314 2397 certis

152 2435 354 2521 temporibus
372 2435 518 2500 ordinem
537 2457 634 2500 suum
654 2445 854 2512 conservant,
871 2435 983 2500 divina
1001 2435 1147 2512 dicimus,
1164 2458 1206 2500 ne
1221 2437 1313 2501 terti-

152 2561 231 2603 anas
260 2562 381 2625 quoquc
410 2540 514 2604 febres
543 2549 577 2604 et
606 2547 782 2625 quartanas
809 2539 937 2603 divinas
966 2561 1035 2603 esse
1061 2538 1236 2604 dicendum
1262 2541 1313 2618 sit,

99 2664 291 2728 aequarum
306 2644 488 2709 reversione
503 2653 538 2708 et
553 2651 644 2708 motu
662 2644 742 2729 quid
761 2651 870 2728 potest
890 2665 959 2707 esse
979 2643 1203 2708 constantius?
1247 2644 1312 2710 Sed

153 2748 298 2814 omnium
312 2750 429 2813 talium
445 2772 553 2814 rerum
568 2748 650 2814 ratio
664 2749 829 2813 reddenda
844 2756 901 2814 est.
940 2748 1033 2827 Quod
1049 2770 1104 2812 vos
1118 2731 1193 2814 cum
1208 2750 1311 2816 facere
1329 2759 1366 2817 25

152 2875 218 2918 uon
232 2853 376 2938 potestis
391 2864 559 2940 tamquam
575 2853 611 2917 in
625 2876 714 2918 aram
730 2852 904 2938 confugitis
919 2852 961 2917 ad
976 2853 1082 2918 deum.

217 2955 266 3021 Et
281 2957 482 3042 Chrysippus
496 2957 559 3021 tibi
574 2965 670 3022 acute
690 2957 797 3022 dicere
817 2955 997 3032 videbatur,
1014 2955 1110 3021 homo
1125 2957 1194 3022 sine
1212 2958 1311 3023 dubio

151 3067 301 3125 versutus
315 3069 349 3124 et
364 3061 497 3125 callidus
513 3063 672 3147 (versutos
687 3083 741 3126 eos
755 3060 891 3146 appello,
906 3081 1042 3145 quorum
1058 3060 1205 3124 celeriter
1219 3083 1311 3125 mens

99 3189 137 3249 ²5
152 3170 309 3240 uersatur,
330 3164 462 3229 callidos
488 3172 608 3241 autem,
634 3186 781 3250 quorum,
806 3170 974 3248 tamquam
996 3185 1112 3227 manus
1138 3185 1241 3248 opere,
1266 3166 1311 3229 sic

151 3265 281 3330 animus
294 3287 357 3330 usu
372 3264 560 3348 concalluit)
570 3289 578 3344 3
601 3266 628 3329 is
646 3265 754 3350 igitur,
770 3264 824 3330 ‘Si
845 3263 968 3348 aliquid
990 3264 1056 3342 est,'
1072 3264 1188 3350 inquit,
1205 3267 1310 3351 ‘quod

151 3370 248 3434 homo
263 3369 389 3434 efficere
402 3392 466 3433 non
482 3369 592 3454 possit,
607 3368 665 3454 qui
680 3368 714 3431 id
730 3368 838 3444 efficit,
854 3367 967 3431 melior
983 3375 1032 3431 est
1043 3366 1191 3448 homine;
1212 3368 1310 3434 homo

150 3483 262 3538 autem
278 3473 368 3554 haec,
381 3494 464 3557 quae
479 3473 515 3536 in
529 3471 653 3536 mundo
667 3479 753 3548 sunt,
764 3471 889 3535 efficere
904 3493 970 3534 uon
984 3478 1092 3554 potest
1104 3492 1111 3550 ;
1130 3471 1187 3555 qui
1202 3473 1310 3556 potuit

199 3691 263 3741 fiae
279 3707 326 3741 cur
341 3689 398 3742 edd.
415 3691 481 3742 after
497 3692 601 3752 Lamb,
620 3707 666 3742 aec
682 3708 729 3743 cur
744 3705 801 3743 ires.
935 3694 951 3740 8
968 3692 1092 3741 delectant
1111 3690 1191 3741 Cobet
1208 3706 1233 3753 p.
1251 3691 1308 3745 463.

151 3773 184 3824 10
200 3776 291 3824 tutent
303 3773 482 3838 [ABcnPJrq
497 3777 588 3825 habent
602 3777 645 3825 vet
657 3783 759 3826 servarit
769 3775 803 3824 V¹
815 3775 873 3826 011.
886 3774 984 3836 UGHV,
1003 3777 1095 3824 habent
1106 3776 1147 3823 vel
1161 3785 1308 3826 rememorat

148 3859 179 3914 r,
202 3871 254 3908 om.
274 3855 317 3905 Ψ.
444 3858 476 3906 13
493 3859 625 3908 Siclliema'
644 3871 694 3907 rias
712 3857 852 3919 generally,
874 3858 998 3906 stilicerm'
1019 3856 1081 3914 ΑΨ,
1105 3857 1245 3906 siciliceme
1266 3859 1307 3907 V¹.

143 3941 247 4002 femore
258 3951 321 3989 corr.
333 3939 471 4000 exsorbere
482 3937 535 3990 AV.
670 3939 702 3988 16
718 3953 768 3988 aon
778 3938 839 3998 Blc,
851 3953 930 3987 noane
942 3937 1108 3987 AB²cEPva
1119 3937 1178 3986 Oxf.
1187 3949 1221 3996 ψ,
1232 3941 1307 3990 mirri-

147 4035 186 4070 ure
196 4022 228 4069 lt,
338 4019 369 4071 17
385 4035 450 4082 qaue
462 4034 514 4068 om.
524 4019 615 4070 CEBc.
715 4021 746 4072 19
762 4035 859 4082 qaoque
872 4017 929 4069 edd.
944 4019 1010 4070 atter
1020 4017 1125 4078 humb,
1135 4020 1236 4082 quidem
1248 4035 1306 4081 uss,

147 4105 210 4152 item
225 4101 352 4152 Muretus.
463 4102 496 4149 22
512 4117 584 4150 aram
600 4101 738 4164 [Bonna
758 4107 846 4150 arama
861 4099 892 4158 A,
912 4115 1019 4150 aronam
1030 4098 1071 4158 Ψ,
1090 4115 1192 4149 arenam
1203 4100 1237 4149 V*
1248 4101 1304 4152 Oxi.

147 4187 202 4242 10.
219 4199 292 4232 mam
302 4190 349 4232 aut
360 4183 389 4244 P,
404 4184 523 4232 turcerum
534 4187 585 4242 BV,
598 4185 693 4233 harenc
709 4188 739 4234 lt.
840 4184 976 4247 consopitis
991 4181 1144 4240 molo&
1156 4184 1306 4246 conseptae

148 4267 241 4317 Xfflv
257 4266 315 4317 oxr.
330 4265 373 4328 (cf.
384 4267 458 4329 15³),
471 4268 568 4331 sapitis
584 4266 627 4317 0¹.
737 4267 769 4316 25
786 4267 1059 4330 quorum—coaratluit
1076 4265 1144 4316 cited
1159 4265 1188 4314 iu
1205 4265 1306 4317 Nonius

149 4363 174 4412 p.
188 4349 230 4410 90,
243 4349 389 4399 Grammat.
400 4347 433 4398 de
445 4362 504 4410 gen.
515 4363 586 4400 nom.
598 4363 624 4399 n.
639 4351 680 4400 58.
798 4350 829 4399 27
846 4350 892 4412 qai
908 4348 937 4396 td
954 4346 1084 4410 [BCE]A¹,
1104 4348 1166 4410 qaid
1182 4347 1306 4411 ΔῙΡΒΗΟ,

149 4429 275 4494 quicquid
288 4431 317 4480 r'd
333 4430 354 4478 V
365 4430 393 4478 iu
405 4445 456 4478 rar.
468 4429 561 4480 UHGR
571 4430 628 4480 ext.
