3125 4942
8 927 16 963 t

290 459 354 506 nra
378 459 421 506 111
444 457 517 506 car.
541 459 645 522 xxrrr,
670 460 759 523 xvrr,
783 459 877 508 xvrrr
900 443 938 528 ἓξ
961 446 1012 522 60,
1034 443 1171 511 43-47.
1269 444 1308 505 21

149 612 294 669 monstra
308 603 567 692 probandajsunt
581 613 640 670 aut
655 604 762 690 prima
775 605 834 670 illa
841 605 1000 672 tollenda.
1041 607 1169 673 XVIII.
1199 607 1309 688 Quid?
1323 606 1362 667 45

152 709 349 795 Apollinem,
367 709 561 788 Vulcanum,
586 709 794 788 Mercurium,
817 720 940 776 ceteros
962 713 1038 777 deos
1062 733 1129 778 esse
1152 712 1247 791 dices,
1270 713 1310 778 de

151 815 304 891 Hercule,
327 815 531 900 Aesculapio,
555 815 680 892 Libero,
703 814 847 892 Castore,
870 814 1001 880 Polluce
1028 815 1217 881 dubitabisl
1262 817 1309 881 At

149 918 183 982 hi
197 918 330 1005 quidem
345 919 497 984 coluntur
510 940 614 1004 aeque
629 926 728 1003 atque
743 918 801 996 illi,
816 918 903 1004 apud
918 919 1075 1004 quosdam
1090 919 1191 985 etiam
1207 919 1311 983 multo

118 1022 259 1108 smagis
305 1023 391 1108 Ergo
417 1023 453 1086 hi
479 1022 513 1088 di
542 1030 619 1087 sunt
642 1022 787 1087 habendi
815 1023 1007 1088 mortalibus
1034 1023 1104 1087 uati
1129 1023 1312 1089 matribus?
1336 1091 1337 1096 ,

148 1124 259 1206 Quid?
294 1127 473 1203 Aristaeus,
497 1126 555 1213 qui
580 1125 686 1191 olivae
708 1125 830 1190 dicitur
852 1127 1011 1203 inventor,
1032 1126 1194 1211 Apollinis
1216 1127 1309 1206 filius,

148 1228 294 1294 Theseus
304 1229 464 1315 Neptuni,
477 1228 603 1315 reliqui,
612 1251 750 1315 quorum
767 1237 877 1315 patres
888 1229 931 1308 di,
943 1253 1008 1294 non
1020 1239 1116 1295 eruut
1126 1230 1161 1295 in
1176 1230 1310 1296 deorum

148 1337 307 1397 numero?
328 1331 424 1413 Quid,
436 1354 575 1418 quorum
590 1335 733 1397 matresl
756 1332 889 1418 Opinor,
902 1333 1000 1398 etiam
1017 1333 1128 1419 magis.
1159 1332 1208 1398 Ut
1223 1334 1310 1399 enim

144 1436 220 1522 jure
235 1436 331 1513 civili,
346 1436 404 1523 qui
419 1445 469 1503 est
483 1445 588 1502 matre
602 1436 714 1516 libera,
730 1437 814 1502 liber
823 1446 887 1517 est,
902 1438 984 1503 item
1000 1440 1076 1525 jure
1092 1447 1237 1518 naturae,
1253 1439 1311 1525 qui

99 1562 137 1601 ιο
149 1539 211 1605 dea
230 1547 335 1605 matre
355 1548 413 1617 est,
434 1541 577 1605 deussit
596 1562 726 1605 necesse
748 1549 806 1607 est.
851 1541 969 1628 Itaque
989 1542 1152 1608 Achillem
1170 1542 1311 1628 Astypa-

148 1643 293 1708 laeenses
307 1643 450 1708 insulani
463 1643 665 1709 sanctissime
679 1643 792 1709 colunt
800 1668 809 1724 ;
830 1645 887 1730 qui
903 1645 930 1709 si
945 1644 1025 1710 deus
1041 1654 1099 1720 est,
1112 1655 1147 1712 et
1162 1646 1312 1731 Orpheus

149 1754 184 1809 et
197 1746 327 1811 Rhesus
341 1746 375 1811 di
389 1756 477 1825 sunt,
488 1745 584 1812 Musa
594 1756 699 1812 matre
714 1748 794 1826 nati,
805 1747 868 1813 nisi
883 1749 966 1814 forte
981 1749 1165 1813 maritimae
1176 1749 1311 1835 nuptiae

149 1849 287 1913 terrenis
301 1855 551 1935 anteponuntur.
597 1849 634 1915 Si
649 1849 684 1913 hi
700 1849 814 1914 dinen
829 1859 915 1928 sunt,
930 1851 1009 1937 quia
1022 1874 1183 1937 nusquam
1200 1851 1311 1915 colun-

148 1962 214 2028 tur,
232 1974 298 2039 quo
317 1953 414 2018 modo
435 1953 485 2018 illi
501 1959 602 2019 sunt?
646 1953 731 2018 Vide
752 1953 863 2040 igitur,
883 1976 926 2018 ue
945 1953 1121 2020 virtutihus
1141 1954 1310 2019 hominum
1324 1951 1362 2012 46

100 2083 134 2142 15
149 2059 207 2123 isti
225 2058 363 2124 honores
383 2058 574 2138 habeantur,
589 2081 655 2123 non
673 2057 993 2138 immortalitatibus3
1018 2059 1103 2144 quod
1119 2067 1156 2123 tu
1174 2080 1312 2145 quoquo,

151 2162 262 2240 Balbe,
287 2163 376 2228 visus
402 2185 436 2227 es
460 2162 574 2229 dicere.
618 2163 692 2244 Quo
719 2163 813 2228 modo
837 2171 949 2228 autem
972 2171 1074 2248 potes,
1101 2161 1129 2227 si
1153 2162 1312 2226 Latonam

150 2266 246 2331 deam
275 2275 379 2352 putas,
406 2266 567 2333 Hecatam
597 2289 662 2331 non
690 2274 817 2352 putare,
844 2289 928 2352 quae
958 2276 1063 2332 matre
1093 2267 1225 2331 Asteria
1254 2274 1312 2342 est,

150 2392 257 2436 sorore
274 2370 441 2437 Latonae?
485 2372 539 2437 An
560 2373 640 2437 haec
657 2393 786 2457 quoque
805 2371 867 2436 dea
886 2375 960 2436 esti
982 2370 1123 2436 vidimus
1139 2371 1226 2434 enim
1242 2369 1312 2454 ejus

151 2494 224 2537 aras
249 2473 449 2560 delubraque
472 2474 508 2538 in
534 2473 678 2541 Graecia.
723 2474 783 2539 Sin
808 2473 889 2539 haec
913 2473 975 2539 dea
998 2483 1055 2551 est,
1080 2496 1137 2538 cur
1158 2496 1224 2538 non
1246 2473 1313 2537 Eu-

99 2604 138 2642 ιο
151 2578 322 2644 menidesl
365 2578 457 2659 Quae
473 2579 500 2644 si
516 2580 596 2644 deae
614 2587 701 2657 sunt,
716 2601 855 2665 quarum
871 2587 905 2644 et
921 2578 1060 2643 Athenis
1079 2577 1192 2643 fanum
1213 2587 1262 2644 est
1280 2587 1313 2644 et

152 2680 241 2766 apud
262 2703 330 2760 nos,
345 2690 384 2747 ut
405 2703 466 2769 ego
485 2683 689 2768 interpretor,
707 2682 800 2747 lucus
821 2681 972 2758 Furinae,
989 2682 1108 2746 Furiae
1127 2681 1206 2746 deae
1226 2690 1312 2759 sunt,

152 2785 390 2871 speculatrices,
404 2787 508 2865 credo,
527 2799 561 2852 et
583 2787 728 2852 vindices
750 2787 930 2852 facinorum
953 2795 988 2852 et
1010 2787 1146 2853 sceleris.
1191 2786 1314 2868 Quodsi
1326 2789 1364 2850 4?

152 2889 236 2954 tales
257 2888 291 2954 di
317 2898 404 2967 sunt,
424 2898 463 2954 ut
488 2889 586 2956 rebus
609 2890 762 2956 humanis
786 2890 949 2969 intersint,
976 2891 1077 2955 Natio
1099 2912 1228 2976 quoque
1253 2889 1314 2955 dea

152 2992 300 3078 putanda
322 3003 382 3072 est,
404 2995 466 3072 cui,
489 3017 563 3060 cum
585 2996 662 3060 fana
691 2994 900 3071 circumimus
922 2994 957 3060 in
979 3017 1056 3082 agro
1077 2994 1222 3073 Ardeati,
1244 3017 1314 3060 rem
1356 2990 1363 3004 '

202 3217 319 3278 tuticus
335 3232 385 3270 uss
397 3219 537 3283 generally,
555 3221 622 3269 olive
635 3219 687 3278 AO,
703 3221 767 3270 oliui
781 3219 850 3282 conj.
869 3218 993 3270 Olivetus.
1093 3223 1108 3272 7
1126 3221 1232 3270 Theseus
1251 3218 1311 3271 (iod.

152 3297 258 3348 Medos
266 3298 457 3358 Dav.‚Yhasesu
471 3302 518 3363 qui
529 3299 745 3359 A¹BCEPV²B÷,
754 3301 908 3362 Theseusque
922 3297 955 3348 Ψ
968 3298 1027 3348 Oxi.
1036 3304 1065 3360 a,
1081 3301 1188 3350 Theseus
1200 3301 1262 3363 quid
1272 3297 1314 3349 At

151 3381 239 3443 9st
257 3379 315 3430 edd.
332 3379 400 3430 after
415 3380 528 3443 Walker,
546 3383 575 3430 iu
585 3382 647 3444 jure
665 3396 723 3431 uss.
856 3381 887 3430 10
903 3383 951 3431 deo
967 3388 1046 3430 matre
1064 3379 1229 3444 [oP]a²B¹V²
1245 3380 1312 3442 om,

151 3461 213 3512 deus
227 3469 306 3513 notre
323 3462 356 3511 V¹
373 3462 426 3513 and
441 3462 567 3526 probably
577 3461 652 3522 A¹B¹‚
670 3465 741 3513 dccc
757 3463 789 3513 Ε.
903 3463 1109 3527 Astypuloeemca
1126 3463 1201 3520 Dav..
1218 3465 1315 3525 ustipu-

153 3543 230 3593 tisrses
251 3542 307 3602 ΒΕ,
327 3545 493 3607 mtipotemes
511 3549 539 3604 (t,
564 3546 734 3609 astypolisms
752 3545 803 3604 AP,
830 3547 993 3608 astypalaea
1015 3559 1041 3594 sa
1065 3544 1094 3602 0,
1120 3545 1245 3607 ostypulis
1265 3559 1316 3594 uon

151 3641 179 3676 se
199 3630 229 3688 B,
252 3628 425 3690 antipolitanae
447 3626 471 3676 V
493 3627 567 3688 (with
588 3642 607 3676 u
628 3625 737 3692 erased),
760 3629 909 3690 catipclime
932 3626 989 3679 Oxi.
1106 3626 1137 3675 11
1159 3627 1315 3677 sanctissime

152 3711 239 3760 colunt
254 3709 319 3760 Bes
338 3709 396 3761 Oxi.
417 3709 471 3760 and
488 3709 562 3772 (with
580 3707 684 3760 erasion
703 3709 732 3758 of
752 3724 803 3759 one
821 3709 897 3759 latter
919 3708 1006 3759 before
1025 3709 1083 3771 col.)
1104 3708 1136 3766 V,
1156 3710 1316 3760 sumtissismt

153 3793 253 3842 ceolum
270 3791 302 3850 A,
325 3793 511 3842 sanctissimum
533 3793 618 3842 colunt
636 3791 770 3851 Emvo,
795 3793 968 3864 sanctimimue
988 3793 1073 3841 colunt
1094 3789 1123 3838 P.
1234 3791 1265 3839 12
1291 3798 1316 3841 st

153 3877 251 3926 Rhesus
261 3874 361 3939 muel,
372 3882 397 3925 et
408 3877 480 3925 irem
492 3875 597 3934 ACV¹B‚
610 3883 635 3924 ct
647 3876 755 3924 Theseus
767 3874 801 3923 V²
813 3872 871 3923 Oxi.
883 3876 1000 3924 mtcnv.
1082 3873 1226 3922 maritimae
1237 3871 1313 3935 Bon,

152 3961 302 4008 sumturum
318 3956 373 4019 AV,
391 3958 511 4007 maritum
530 3958 578 4006 boc
594 3954 622 4007 P.
755 3955 787 4005 15
805 3957 907 4006 honores
925 3953 991 4018 [GV]
1012 3953 1078 4016 Oxi,
1099 3955 1198 4004 honoris
1215 3953 1314 4003 ABEP.

152 4041 387 4090 {mortalitatibus
406 4053 455 4089 uss
473 4038 613 4102 generally,
632 4039 814 4088 immortalibus
834 4035 955 4086 Almo.
1070 4036 1100 4086 17
1117 4038 1243 4086 Hecatom
1262 4037 1314 4101 [P],

155 4124 287 4173 hoscotom
297 4121 396 4184 ABGV,
416 4123 544 4171 macutum
555 4120 621 4182 oxi,
635 4123 745 4171 tecotcm
755 4120 848 4173 ΕΗ.
965 4119 996 4169 19
1013 4133 1057 4168 cur
1067 4135 1118 4169 uon
1131 4121 1317 4170 Eumenides—

153 4205 250 4255 haiae
266 4205 328 4253 deoc
344 4212 404 4253 susat
418 4217 468 4253 uss
480 4202 540 4254 Sch.
552 4202 616 4264 Mu„
636 4202 723 4254 Madv.
735 4199 854 4252 followed
869 4199 904 4262 by
915 4200 959 4252 Or.
975 4200 1023 4250 Ba.
1038 4199 1117 4249 omits
1133 4216 1199 4263 quoe
1215 4202 1239 4250 si
1256 4201 1316 4250 deoc

154 4294 213 4336 sust
224 4284 276 4352 (20)
287 4284 342 4335 and
351 4285 446 4335 Furios
459 4283 519 4350 (21),
533 4298 574 4334 see
585 4283 687 4335 Oomm.
786 4283 819 4332 20
830 4283 922 4346 sonum
933 4279 1033 4344 [BP1V‘
1042 4279 1110 4340 Oxi..
1116 4283 1198 4345 suum
1209 4281 1314 4344 AOWB,

148 4367 249 4430 sunaus
260 4367 284 4418 E
297 4365 378 4429 (aruh.
391 4366 464 4429 prob.
471 4369 541 4431 serui
551 4365 593 4431 st).
696 4365 728 4413 21
746 4367 816 4413 tumus
829 4363 953 4428 [aemi]
966 4360 1034 4420 om,
1047 4363 1113 4413 Ιοαιι
1125 4363 1172 4424 OB,
1188 4365 1254 4413 timos
1265 4362 1313 4423 Po,

157 4451 221 4506 locu
230 4453 258 4518 1!-
341 4449 454 4501 Furinae
465 4447 556 4500 erased
566 4447 595 4512 in
606 4447 637 4496 B.
747 4447 779 4511 32
796 4447 896 4498 sceleris
909 4459 967 4501 rrss,
979 4443 1099 4496 scelerum
1111 4443 1134 4498 G
1146 4443 1242 4502 Heind.
1256 4443 1317 4502 Soh,
