<?xml version="1.0" encoding="UTF-8"?>
<!DOCTYPE html PUBLIC "-//W3C//DTD XHTML 1.0 Transitional//EN"
    "http://www.w3.org/TR/xhtml1/DTD/xhtml1-transitional.dtd">
<html xmlns="http://www.w3.org/1999/xhtml" xml:lang="en" lang="en">
 <head>
  <title>
</title>
<meta http-equiv="Content-Type" content="text/html;charset=utf-8" />
  <meta name='ocr-system' content='tesseract 3.04.00' />
  <meta name='ocr-capabilities' content='ocr_page ocr_carea ocr_par ocr_line ocrx_word'/>
</head>
<body>
  <div class='ocr_page' id='page_1' title='image "./mtulliiciceroni02swaigoog_0116.png"; bbox 0 0 3125 4942; ppageno 0'>
   <div class='ocr_carea' id='block_1_1' title="bbox 266 431 1039 498">
    <p class='ocr_par' dir='ltr' id='par_1_1' title="bbox 266 431 1039 498">
     <span class='ocr_line' id='line_1_1' title="bbox 266 431 1039 498; baseline -0.004 0"><span class='ocrx_word' id='word_1_1' title='bbox 266 431 308 498; x_wconf 77' lang='lat'>20</span> <span class='ocrx_word' id='word_1_2' title='bbox 650 441 697 495; x_wconf 83' lang='lat' dir='ltr'>on</span> <span class='ocrx_word' id='word_1_3' title='bbox 718 441 861 494; x_wconf 74' lang='lat' dir='ltr'>urruns</span> <span class='ocrx_word' id='word_1_4' title='bbox 883 441 1039 495; x_wconf 77' lang='lat' dir='ltr'>necron.</span> 
     </span>
    </p>
   </div>
   <div class='ocr_carea' id='block_1_2' title="bbox 187 585 1549 3476">
    <p class='ocr_par' dir='ltr' id='par_1_2' title="bbox 265 585 1423 780">
     <span class='ocr_line' id='line_1_2' title="bbox 265 585 1423 674; baseline -0.005 -16"><span class='ocrx_word' id='word_1_5' title='bbox 265 593 366 658; x_wconf 87' lang='lat' dir='ltr'>ctiam</span> <span class='ocrx_word' id='word_1_6' title='bbox 395 591 587 657; x_wconf 90' lang='lat' dir='ltr'>confirmant</span> <span class='ocrx_word' id='word_1_7' title='bbox 616 587 869 674; x_wconf 88' lang='lat' dir='ltr'>interpretando,</span> <span class='ocrx_word' id='word_1_8' title='bbox 897 608 1050 673; x_wconf 84' lang='lat' dir='ltr'>quorsum</span> <span class='ocrx_word' id='word_1_9' title='bbox 1080 586 1219 672; x_wconf 82' lang='lat' dir='ltr'>quicque</span> <span class='ocrx_word' id='word_1_10' title='bbox 1251 585 1423 672; x_wconf 77' lang='lat' dir='ltr'>pertineat</span> 
     </span>
     <span class='ocr_line' id='line_1_3' title="bbox 266 692 1161 780; baseline -0.006 -18"><span class='ocrx_word' id='word_1_11' title='bbox 266 696 331 762; x_wconf 84' lang='lat' dir='ltr'>Sed</span> <span class='ocrx_word' id='word_1_12' title='bbox 347 719 385 761; x_wconf 92' lang='lat' dir='ltr'>eo</span> <span class='ocrx_word' id='word_1_13' title='bbox 395 696 474 780; x_wconf 88' lang='lat' dir='ltr'>jam,</span> <span class='ocrx_word' id='word_1_14' title='bbox 489 694 576 759; x_wconf 89' lang='lat' dir='ltr'>unde</span> <span class='ocrx_word' id='word_1_15' title='bbox 591 693 655 758; x_wconf 93' lang='lat' dir='ltr'>huc</span> <span class='ocrx_word' id='word_1_16' title='bbox 670 692 803 777; x_wconf 85' lang='lat' dir='ltr'>digressi</span> <span class='ocrx_word' id='word_1_17' title='bbox 818 713 938 768; x_wconf 88' lang='lat' dir='ltr'>sumus,</span> <span class='ocrx_word' id='word_1_18' title='bbox 953 699 1161 757; x_wconf 82' lang='lat' dir='ltr'>revertamur.</span> 
     </span>
    </p>

    <p class='ocr_par' dir='ltr' id='par_1_3' title="bbox 213 793 1477 2018">
     <span class='ocr_line' id='line_1_4' title="bbox 213 793 1423 879; baseline -0.007 -13"><span class='ocrx_word' id='word_1_19' title='bbox 213 813 252 872; x_wconf 65' lang='lat'>43</span> <span class='ocrx_word' id='word_1_20' title='bbox 331 800 441 865; x_wconf 81' lang='lat' dir='ltr'><strong>XVII.</strong></span> <span class='ocrx_word' id='word_1_21' title='bbox 485 798 623 879; x_wconf 78' lang='lat' dir='ltr'>Quando</span> <span class='ocrx_word' id='word_1_22' title='bbox 646 795 734 862; x_wconf 92' lang='lat' dir='ltr'>enim</span> <span class='ocrx_word' id='word_1_23' title='bbox 760 817 813 860; x_wconf 88' lang='lat' dir='ltr'>me</span> <span class='ocrx_word' id='word_1_24' title='bbox 839 795 874 860; x_wconf 89' lang='lat' dir='ltr'>in</span> <span class='ocrx_word' id='word_1_25' title='bbox 898 795 985 859; x_wconf 93' lang='lat' dir='ltr'>hunc</span> <span class='ocrx_word' id='word_1_26' title='bbox 1010 795 1116 860; x_wconf 88' lang='lat' dir='ltr'>locum</span> <span class='ocrx_word' id='word_1_27' title='bbox 1147 793 1282 859; x_wconf 85' lang='lat' dir='ltr'>deduxit</span> <span class='ocrx_word' id='word_1_28' title='bbox 1311 793 1423 870; x_wconf 88' lang='lat' dir='ltr'>oratic,</span> 
     </span>
     <span class='ocr_line' id='line_1_5' title="bbox 265 897 1423 983; baseline -0.005 -16"><span class='ocrx_word' id='word_1_29' title='bbox 265 903 385 976; x_wconf 78' lang='lat' dir='ltr'>docebo</span> <span class='ocrx_word' id='word_1_30' title='bbox 408 902 541 968; x_wconf 81' lang='lat' dir='ltr'><strong>meliora</strong></span> <span class='ocrx_word' id='word_1_31' title='bbox 560 923 613 965; x_wconf 92' lang='lat' dir='ltr'>me</span> <span class='ocrx_word' id='word_1_32' title='bbox 633 899 783 964; x_wconf 83' lang='lat' dir='ltr'><strong>didicisse</strong></span> <span class='ocrx_word' id='word_1_33' title='bbox 803 900 844 964; x_wconf 88' lang='lat' dir='ltr'>de</span> <span class='ocrx_word' id='word_1_34' title='bbox 861 898 1003 964; x_wconf 89' lang='lat' dir='ltr'>colendis</span> <span class='ocrx_word' id='word_1_35' title='bbox 1023 897 1073 963; x_wconf 91' lang='lat' dir='ltr'>dis</span> <span class='ocrx_word' id='word_1_36' title='bbox 1093 897 1330 963; x_wconf 85' lang='lat' dir='ltr'>immortalibus</span> <span class='ocrx_word' id='word_1_37' title='bbox 1347 897 1423 983; x_wconf 90' lang='lat' dir='ltr'>jure</span> 
     </span>
     <span class='ocr_line' id='line_1_6' title="bbox 263 1002 1475 1093; baseline -0.005 -21"><span class='ocrx_word' id='word_1_38' title='bbox 263 1007 430 1093; x_wconf 88' lang='lat' dir='ltr'>pontificio</span> <span class='ocrx_word' id='word_1_39' title='bbox 445 1015 479 1071; x_wconf 92' lang='lat' dir='ltr'>et</span> <span class='ocrx_word' id='word_1_40' title='bbox 498 1028 586 1070; x_wconf 92' lang='lat' dir='ltr'>more</span> <span class='ocrx_word' id='word_1_41' title='bbox 606 1005 765 1091; x_wconf 88' lang='lat' dir='ltr'>majorum</span> <span class='ocrx_word' id='word_1_42' title='bbox 787 1003 1016 1089; x_wconf 79' lang='lat' dir='ltr'>capedunculis</span> <span class='ocrx_word' id='word_1_43' title='bbox 1033 1003 1082 1081; x_wconf 89' lang='lat' dir='ltr'>iis,</span> <span class='ocrx_word' id='word_1_44' title='bbox 1098 1026 1180 1089; x_wconf 89' lang='lat' dir='ltr'>quas</span> <span class='ocrx_word' id='word_1_45' title='bbox 1198 1003 1310 1068; x_wconf 91' lang='lat' dir='ltr'>Numa</span> <span class='ocrx_word' id='word_1_46' title='bbox 1329 1002 1423 1067; x_wconf 89' lang='lat' dir='ltr'>nobis</span> <span class='ocrx_word' id='word_1_47' title='bbox 1459 1021 1475 1081; x_wconf 88' lang='lat'><strong>5</strong></span> 
     </span>
     <span class='ocr_line' id='line_1_7' title="bbox 262 1106 1421 1197; baseline -0.001 -22"><span class='ocrx_word' id='word_1_48' title='bbox 262 1111 406 1197; x_wconf 90' lang='lat' dir='ltr'>reliquit,</span> <span class='ocrx_word' id='word_1_49' title='bbox 433 1110 615 1195; x_wconf 91' lang='lat' dir='ltr'>dequibus</span> <span class='ocrx_word' id='word_1_50' title='bbox 641 1109 677 1174; x_wconf 93' lang='lat' dir='ltr'>in</span> <span class='ocrx_word' id='word_1_51' title='bbox 700 1109 759 1173; x_wconf 85' lang='lat' dir='ltr'>illa</span> <span class='ocrx_word' id='word_1_52' title='bbox 788 1109 917 1174; x_wconf 88' lang='lat' dir='ltr'>aureola</span> <span class='ocrx_word' id='word_1_53' title='bbox 947 1108 1150 1173; x_wconf 79' lang='lat' dir='ltr'>oratiuncula</span> <span class='ocrx_word' id='word_1_54' title='bbox 1174 1106 1255 1172; x_wconf 90' lang='lat' dir='ltr'>dicit</span> <span class='ocrx_word' id='word_1_55' title='bbox 1284 1107 1421 1182; x_wconf 86' lang='lat' dir='ltr'>Laelius,</span> 
     </span>
     <span class='ocr_line' id='line_1_8' title="bbox 263 1209 1423 1300; baseline -0.003 -21"><span class='ocrx_word' id='word_1_56' title='bbox 263 1236 362 1300; x_wconf 87' lang='lat' dir='ltr'>quam</span> <span class='ocrx_word' id='word_1_57' title='bbox 381 1212 561 1278; x_wconf 84' lang='lat' dir='ltr'>rationibus</span> <span class='ocrx_word' id='word_1_58' title='bbox 578 1211 770 1276; x_wconf 84' lang='lat' dir='ltr'>Stoicorum.</span> <span class='ocrx_word' id='word_1_59' title='bbox 817 1209 854 1276; x_wconf 84' lang='lat' dir='ltr'>Si</span> <span class='ocrx_word' id='word_1_60' title='bbox 874 1211 962 1292; x_wconf 90' lang='lat' dir='ltr'>enim</span> <span class='ocrx_word' id='word_1_61' title='bbox 982 1234 1039 1276; x_wconf 86' lang='lat' dir='ltr'>vos</span> <span class='ocrx_word' id='word_1_62' title='bbox 1061 1233 1186 1298; x_wconf 89' lang='lat' dir='ltr'>sequar,</span> <span class='ocrx_word' id='word_1_63' title='bbox 1206 1210 1267 1290; x_wconf 91' lang='lat' dir='ltr'>dic,</span> <span class='ocrx_word' id='word_1_64' title='bbox 1288 1211 1369 1296; x_wconf 91' lang='lat' dir='ltr'>quid</span> <span class='ocrx_word' id='word_1_65' title='bbox 1391 1211 1423 1276; x_wconf 88' lang='lat' dir='ltr'>ei</span> 
     </span>
     <span class='ocr_line' id='line_1_9' title="bbox 263 1311 1422 1401; baseline -0.003 -20"><span class='ocrx_word' id='word_1_66' title='bbox 263 1315 484 1401; x_wconf 86' lang='lat' dir='ltr'>respondeam,</span> <span class='ocrx_word' id='word_1_67' title='bbox 509 1313 566 1400; x_wconf 90' lang='lat' dir='ltr'>qui</span> <span class='ocrx_word' id='word_1_68' title='bbox 589 1335 642 1378; x_wconf 91' lang='lat' dir='ltr'>me</span> <span class='ocrx_word' id='word_1_69' title='bbox 665 1312 711 1378; x_wconf 89' lang='lat' dir='ltr'>sic</span> <span class='ocrx_word' id='word_1_70' title='bbox 737 1320 846 1397; x_wconf 87' lang='lat' dir='ltr'>roget:</span> <span class='ocrx_word' id='word_1_71' title='bbox 868 1312 905 1377; x_wconf 87' lang='lat' dir='ltr'>Si</span> <span class='ocrx_word' id='word_1_72' title='bbox 930 1311 965 1378; x_wconf 91' lang='lat' dir='ltr'>di</span> <span class='ocrx_word' id='word_1_73' title='bbox 991 1322 1068 1379; x_wconf 86' lang='lat' dir='ltr'>sunt</span> <span class='ocrx_word' id='word_1_74' title='bbox 1092 1313 1156 1391; x_wconf 83' lang='lat' dir='ltr'>isti,</span> <span class='ocrx_word' id='word_1_75' title='bbox 1180 1321 1299 1378; x_wconf 84' lang='lat' dir='ltr'>suntne</span> <span class='ocrx_word' id='word_1_76' title='bbox 1321 1312 1422 1378; x_wconf 90' lang='lat' dir='ltr'>etiarn</span> 
     </span>
     <span class='ocr_line' id='line_1_10' title="bbox 264 1415 1422 1504; baseline -0.003 -21"><span class='ocrx_word' id='word_1_77' title='bbox 264 1419 439 1504; x_wconf 77' lang='lat' dir='ltr'>Nymphae</span> <span class='ocrx_word' id='word_1_78' title='bbox 461 1418 564 1482; x_wconf 76' lang='lat' dir='ltr'>deae?</span> <span class='ocrx_word' id='word_1_79' title='bbox 601 1417 638 1482; x_wconf 85' lang='lat' dir='ltr'>si</span> <span class='ocrx_word' id='word_1_80' title='bbox 663 1416 849 1502; x_wconf 87' lang='lat' dir='ltr'>Nymphae,</span> <span class='ocrx_word' id='word_1_81' title='bbox 876 1415 1006 1482; x_wconf 85' lang='lat' dir='ltr'>Panisci</span> <span class='ocrx_word' id='word_1_82' title='bbox 1029 1417 1129 1482; x_wconf 89' lang='lat' dir='ltr'>etiam</span> <span class='ocrx_word' id='word_1_83' title='bbox 1155 1424 1190 1481; x_wconf 90' lang='lat' dir='ltr'>et</span> <span class='ocrx_word' id='word_1_84' title='bbox 1212 1415 1329 1501; x_wconf 84' lang='lat' dir='ltr'>Satyri</span> <span class='ocrx_word' id='word_1_85' title='bbox 1374 1415 1422 1480; x_wconf 94' lang='lat' dir='ltr'>Hi</span> 
     </span>
     <span class='ocr_line' id='line_1_11' title="bbox 262 1520 1477 1607; baseline -0.006 -19"><span class='ocrx_word' id='word_1_86' title='bbox 262 1531 375 1589; x_wconf 87' lang='lat' dir='ltr'>autem</span> <span class='ocrx_word' id='word_1_87' title='bbox 390 1546 455 1588; x_wconf 91' lang='lat' dir='ltr'>non</span> <span class='ocrx_word' id='word_1_88' title='bbox 467 1530 563 1600; x_wconf 87' lang='lat' dir='ltr'>sunt;</span> <span class='ocrx_word' id='word_1_89' title='bbox 579 1544 622 1586; x_wconf 91' lang='lat' dir='ltr'>ne</span> <span class='ocrx_word' id='word_1_90' title='bbox 634 1521 809 1607; x_wconf 85' lang='lat' dir='ltr'>Nymphae</span> <span class='ocrx_word' id='word_1_91' title='bbox 826 1520 932 1606; x_wconf 88' lang='lat' dir='ltr'>[deae]</span> <span class='ocrx_word' id='word_1_92' title='bbox 950 1520 1082 1607; x_wconf 90' lang='lat' dir='ltr'>quidem</span> <span class='ocrx_word' id='word_1_93' title='bbox 1097 1521 1207 1607; x_wconf 86' lang='lat' dir='ltr'>igitur.</span> <span class='ocrx_word' id='word_1_94' title='bbox 1247 1521 1295 1586; x_wconf 87' lang='lat' dir='ltr'>At</span> <span class='ocrx_word' id='word_1_95' title='bbox 1309 1542 1422 1586; x_wconf 89' lang='lat' dir='ltr'>earum</span> <span class='ocrx_word' id='word_1_96' title='bbox 1439 1543 1477 1581; x_wconf 86' lang='grc' dir='ltr'>ιο</span> 
     </span>
     <span class='ocr_line' id='line_1_12' title="bbox 263 1622 1423 1713; baseline -0.003 -22"><span class='ocrx_word' id='word_1_97' title='bbox 263 1625 386 1713; x_wconf 87' lang='lat' dir='ltr'>templa</span> <span class='ocrx_word' id='word_1_98' title='bbox 401 1634 479 1690; x_wconf 91' lang='lat' dir='ltr'>sunt</span> <span class='ocrx_word' id='word_1_99' title='bbox 498 1624 627 1710; x_wconf 88' lang='lat' dir='ltr'>publice</span> <span class='ocrx_word' id='word_1_100' title='bbox 647 1631 724 1689; x_wconf 84' lang='lat' dir='ltr'>vota</span> <span class='ocrx_word' id='word_1_101' title='bbox 743 1631 778 1688; x_wconf 92' lang='lat' dir='ltr'>et</span> <span class='ocrx_word' id='word_1_102' title='bbox 800 1623 957 1689; x_wconf 82' lang='lat' dir='ltr'>dedicata</span> <span class='ocrx_word' id='word_1_103' title='bbox 1002 1623 1056 1690; x_wconf 89' lang='lat' dir='ltr'>Ne</span> <span class='ocrx_word' id='word_1_104' title='bbox 1075 1624 1175 1689; x_wconf 88' lang='lat' dir='ltr'>ceteri</span> <span class='ocrx_word' id='word_1_105' title='bbox 1194 1622 1327 1709; x_wconf 92' lang='lat' dir='ltr'>quidem</span> <span class='ocrx_word' id='word_1_106' title='bbox 1347 1645 1423 1708; x_wconf 85' lang='lat' dir='ltr'>ergo</span> 
     </span>
     <span class='ocr_line' id='line_1_13' title="bbox 264 1722 1422 1811; baseline 0.002 -23"><span class='ocrx_word' id='word_1_107' title='bbox 264 1724 307 1802; x_wconf 90' lang='lat' dir='ltr'>di,</span> <span class='ocrx_word' id='word_1_108' title='bbox 321 1747 459 1811; x_wconf 93' lang='lat' dir='ltr'>quorum</span> <span class='ocrx_word' id='word_1_109' title='bbox 480 1724 604 1810; x_wconf 89' lang='lat' dir='ltr'>templa</span> <span class='ocrx_word' id='word_1_110' title='bbox 625 1732 704 1788; x_wconf 89' lang='lat' dir='ltr'>sunt</span> <span class='ocrx_word' id='word_1_111' title='bbox 723 1722 879 1788; x_wconf 83' lang='lat' dir='ltr'>dedicata</span> <span class='ocrx_word' id='word_1_112' title='bbox 924 1725 997 1811; x_wconf 86' lang='lat' dir='ltr'>Age</span> <span class='ocrx_word' id='word_1_113' title='bbox 1017 1746 1119 1809; x_wconf 87' lang='lat' dir='ltr'>porro,</span> <span class='ocrx_word' id='word_1_114' title='bbox 1139 1725 1256 1790; x_wconf 86' lang='lat' dir='ltr'>Jovem</span> <span class='ocrx_word' id='word_1_115' title='bbox 1277 1732 1311 1790; x_wconf 91' lang='lat' dir='ltr'>et</span> <span class='ocrx_word' id='word_1_116' title='bbox 1331 1724 1422 1811; x_wconf 90' lang='lat' dir='ltr'>Nep·</span> 
     </span>
     <span class='ocr_line' id='line_1_14' title="bbox 263 1828 1421 1914; baseline 0 -20"><span class='ocrx_word' id='word_1_117' title='bbox 263 1838 382 1894; x_wconf 91' lang='lat' dir='ltr'>tunum</span> <span class='ocrx_word' id='word_1_118' title='bbox 405 1829 503 1895; x_wconf 89' lang='lat' dir='ltr'>deum</span> <span class='ocrx_word' id='word_1_119' title='bbox 524 1851 693 1908; x_wconf 80' lang='lat' dir='ltr'>numeras3</span> <span class='ocrx_word' id='word_1_120' title='bbox 718 1850 794 1914; x_wconf 87' lang='lat' dir='ltr'>crgo</span> <span class='ocrx_word' id='word_1_121' title='bbox 817 1828 917 1894; x_wconf 86' lang='lat' dir='ltr'>etiam</span> <span class='ocrx_word' id='word_1_122' title='bbox 940 1829 1053 1907; x_wconf 91' lang='lat' dir='ltr'>Orcus,</span> <span class='ocrx_word' id='word_1_123' title='bbox 1072 1829 1172 1894; x_wconf 86' lang='lat' dir='ltr'>frater</span> <span class='ocrx_word' id='word_1_124' title='bbox 1193 1851 1313 1906; x_wconf 91' lang='lat' dir='ltr'>eorum,</span> <span class='ocrx_word' id='word_1_125' title='bbox 1332 1829 1421 1907; x_wconf 91' lang='lat' dir='ltr'>deus,</span> 
     </span>
     <span class='ocr_line' id='line_1_15' title="bbox 264 1930 1421 2018; baseline 0.001 -22"><span class='ocrx_word' id='word_1_126' title='bbox 264 1942 299 1998; x_wconf 89' lang='lat' dir='ltr'>et</span> <span class='ocrx_word' id='word_1_127' title='bbox 327 1932 386 2008; x_wconf 92' lang='lat' dir='ltr'>illi,</span> <span class='ocrx_word' id='word_1_128' title='bbox 414 1932 472 2018; x_wconf 92' lang='lat' dir='ltr'>qui</span> <span class='ocrx_word' id='word_1_129' title='bbox 499 1932 600 1997; x_wconf 89' lang='lat' dir='ltr'>fluere</span> <span class='ocrx_word' id='word_1_130' title='bbox 626 1932 714 2017; x_wconf 89' lang='lat' dir='ltr'>apud</span> <span class='ocrx_word' id='word_1_131' title='bbox 743 1931 862 1996; x_wconf 80' lang='lat' dir='ltr'>inferos</span> <span class='ocrx_word' id='word_1_132' title='bbox 891 1931 1054 2010; x_wconf 88' lang='lat' dir='ltr'>dicuntur,</span> <span class='ocrx_word' id='word_1_133' title='bbox 1084 1931 1242 2011; x_wconf 85' lang='lat' dir='ltr'>Acheron,</span> <span class='ocrx_word' id='word_1_134' title='bbox 1273 1930 1421 2018; x_wconf 79' lang='lat' dir='ltr'>Cocytus,</span> 
     </span>
    </p>

    <p class='ocr_par' dir='ltr' id='par_1_4' title="bbox 212 2035 1549 3369">
     <span class='ocr_line' id='line_1_16' title="bbox 212 2035 1477 2122; baseline 0.001 -21"><span class='ocrx_word' id='word_1_135' title='bbox 212 2042 252 2102; x_wconf 85' lang='lat'>44</span> <span class='ocrx_word' id='word_1_136' title='bbox 263 2036 549 2122; x_wconf 83' lang='lat' dir='ltr'>Pyriphlegethon,</span> <span class='ocrx_word' id='word_1_137' title='bbox 563 2044 637 2102; x_wconf 88' lang='lat' dir='ltr'>tum</span> <span class='ocrx_word' id='word_1_138' title='bbox 653 2035 792 2115; x_wconf 82' lang='lat' dir='ltr'>Charon,</span> <span class='ocrx_word' id='word_1_139' title='bbox 807 2043 881 2100; x_wconf 94' lang='lat' dir='ltr'>tum</span> <span class='ocrx_word' id='word_1_140' title='bbox 897 2035 1056 2102; x_wconf 80' lang='lat' dir='ltr'>Cerberus</span> <span class='ocrx_word' id='word_1_141' title='bbox 1078 2035 1113 2100; x_wconf 94' lang='lat' dir='ltr'>di</span> <span class='ocrx_word' id='word_1_142' title='bbox 1133 2035 1278 2120; x_wconf 83' lang='lat' dir='ltr'>putandi.</span> <span class='ocrx_word' id='word_1_143' title='bbox 1322 2037 1369 2101; x_wconf 88' lang='lat' dir='ltr'>At</span> <span class='ocrx_word' id='word_1_144' title='bbox 1388 2037 1423 2102; x_wconf 92' lang='lat' dir='ltr'>id</span> <span class='ocrx_word' id='word_1_145' title='bbox 1441 2060 1477 2120; x_wconf 82' lang='lat'>15</span> 
     </span>
     <span class='ocr_line' id='line_1_17' title="bbox 263 2139 1423 2226; baseline 0.001 -20"><span class='ocrx_word' id='word_1_146' title='bbox 263 2140 395 2226; x_wconf 90' lang='lat' dir='ltr'>quidem</span> <span class='ocrx_word' id='word_1_147' title='bbox 413 2140 659 2226; x_wconf 90' lang='lat' dir='ltr'>repudiandum.</span> <span class='ocrx_word' id='word_1_148' title='bbox 703 2140 757 2205; x_wconf 88' lang='lat' dir='ltr'>Ne</span> <span class='ocrx_word' id='word_1_149' title='bbox 778 2140 881 2206; x_wconf 89' lang='lat' dir='ltr'>Orcus</span> <span class='ocrx_word' id='word_1_150' title='bbox 900 2140 1034 2226; x_wconf 93' lang='lat' dir='ltr'>quidem</span> <span class='ocrx_word' id='word_1_151' title='bbox 1053 2139 1162 2226; x_wconf 85' lang='lat' dir='ltr'>igitur.</span> <span class='ocrx_word' id='word_1_152' title='bbox 1206 2140 1295 2221; x_wconf 78' lang='lat' dir='ltr'>Quid</span> <span class='ocrx_word' id='word_1_153' title='bbox 1315 2140 1423 2207; x_wconf 85' lang='lat' dir='ltr'>dicitis</span> 
     </span>
     <span class='ocr_line' id='line_1_18' title="bbox 264 2244 1423 2330; baseline 0.001 -20"><span class='ocrx_word' id='word_1_154' title='bbox 264 2267 340 2330; x_wconf 85' lang='lat' dir='ltr'>ergo</span> <span class='ocrx_word' id='word_1_155' title='bbox 354 2244 395 2309; x_wconf 91' lang='lat' dir='ltr'>de</span> <span class='ocrx_word' id='word_1_156' title='bbox 409 2246 585 2311; x_wconf 70' lang='lat' dir='ltr'>fratribus?</span> <span class='ocrx_word' id='word_1_157' title='bbox 629 2245 721 2311; x_wconf 85' lang='lat' dir='ltr'>Haec</span> <span class='ocrx_word' id='word_1_158' title='bbox 737 2244 919 2312; x_wconf 86' lang='lat' dir='ltr'>Cameedes</span> <span class='ocrx_word' id='word_1_159' title='bbox 933 2245 1050 2322; x_wconf 86' lang='lat' dir='ltr'>aiebat,</span> <span class='ocrx_word' id='word_1_160' title='bbox 1066 2267 1131 2310; x_wconf 89' lang='lat' dir='ltr'>non</span> <span class='ocrx_word' id='word_1_161' title='bbox 1145 2254 1184 2311; x_wconf 91' lang='lat' dir='ltr'>ut</span> <span class='ocrx_word' id='word_1_162' title='bbox 1201 2245 1278 2311; x_wconf 88' lang='lat' dir='ltr'>deos</span> <span class='ocrx_word' id='word_1_163' title='bbox 1294 2246 1423 2312; x_wconf 89' lang='lat' dir='ltr'>tolleret</span> 
     </span>
     <span class='ocr_line' id='line_1_19' title="bbox 265 2347 1422 2433; baseline 0.003 -22"><span class='ocrx_word' id='word_1_164' title='bbox 265 2347 358 2433; x_wconf 92' lang='lat' dir='ltr'>(quid</span> <span class='ocrx_word' id='word_1_165' title='bbox 372 2347 461 2413; x_wconf 90' lang='lat' dir='ltr'>enim</span> <span class='ocrx_word' id='word_1_166' title='bbox 476 2347 666 2433; x_wconf 91' lang='lat' dir='ltr'>philosopho</span> <span class='ocrx_word' id='word_1_167' title='bbox 681 2347 790 2412; x_wconf 91' lang='lat' dir='ltr'>miuus</span> <span class='ocrx_word' id='word_1_168' title='bbox 805 2347 1044 2431; x_wconf 70' lang='lat' dir='ltr'>conveniensi),</span> <span class='ocrx_word' id='word_1_169' title='bbox 1060 2347 1116 2413; x_wconf 87' lang='lat' dir='ltr'>sed</span> <span class='ocrx_word' id='word_1_170' title='bbox 1135 2357 1175 2412; x_wconf 92' lang='lat' dir='ltr'>ut</span> <span class='ocrx_word' id='word_1_171' title='bbox 1193 2348 1318 2414; x_wconf 88' lang='lat' dir='ltr'>Stoicos</span> <span class='ocrx_word' id='word_1_172' title='bbox 1338 2349 1422 2414; x_wconf 92' lang='lat' dir='ltr'>nihil</span> 
     </span>
     <span class='ocr_line' id='line_1_20' title="bbox 264 2449 1422 2537; baseline 0.003 -22"><span class='ocrx_word' id='word_1_173' title='bbox 264 2452 304 2515; x_wconf 92' lang='lat' dir='ltr'>de</span> <span class='ocrx_word' id='word_1_174' title='bbox 320 2449 370 2515; x_wconf 92' lang='lat' dir='ltr'>dis</span> <span class='ocrx_word' id='word_1_175' title='bbox 385 2451 545 2536; x_wconf 82' lang='lat' dir='ltr'>explicare</span> <span class='ocrx_word' id='word_1_176' title='bbox 560 2451 783 2531; x_wconf 83' lang='lat' dir='ltr'>convinceret3</span> <span class='ocrx_word' id='word_1_177' title='bbox 805 2450 917 2537; x_wconf 82' lang='lat' dir='ltr'>itaque</span> <span class='ocrx_word' id='word_1_178' title='bbox 931 2451 1171 2537; x_wconf 86' lang='lat' dir='ltr'>insequebatur.</span> <span class='ocrx_word' id='word_1_179' title='bbox 1208 2452 1296 2533; x_wconf 79' lang='lat' dir='ltr'>Quid</span> <span class='ocrx_word' id='word_1_180' title='bbox 1312 2454 1422 2519; x_wconf 83' lang='lat' dir='ltr'>eniml</span> 
     </span>
     <span class='ocr_line' id='line_1_21' title="bbox 264 2553 1480 2644; baseline 0.001 -26"><span class='ocrx_word' id='word_1_181' title='bbox 264 2553 382 2632; x_wconf 91' lang='lat' dir='ltr'>aiebat,</span> <span class='ocrx_word' id='word_1_182' title='bbox 404 2553 441 2620; x_wconf 84' lang='lat' dir='ltr'>Si</span> <span class='ocrx_word' id='word_1_183' title='bbox 465 2555 501 2619; x_wconf 93' lang='lat' dir='ltr'>hi</span> <span class='ocrx_word' id='word_1_184' title='bbox 524 2555 639 2620; x_wconf 83' lang='lat' dir='ltr'>fratres</span> <span class='ocrx_word' id='word_1_185' title='bbox 664 2565 742 2620; x_wconf 88' lang='lat' dir='ltr'>sunt</span> <span class='ocrx_word' id='word_1_186' title='bbox 767 2555 803 2619; x_wconf 92' lang='lat' dir='ltr'>in</span> <span class='ocrx_word' id='word_1_187' title='bbox 828 2578 964 2621; x_wconf 90' lang='lat' dir='ltr'>numero</span> <span class='ocrx_word' id='word_1_188' title='bbox 990 2556 1133 2634; x_wconf 90' lang='lat' dir='ltr'>deorum,</span> <span class='ocrx_word' id='word_1_189' title='bbox 1159 2579 1238 2622; x_wconf 94' lang='lat' dir='ltr'>num</span> <span class='ocrx_word' id='word_1_190' title='bbox 1264 2557 1305 2623; x_wconf 93' lang='lat' dir='ltr'>de</span> <span class='ocrx_word' id='word_1_191' title='bbox 1331 2565 1422 2644; x_wconf 86' lang='lat' dir='ltr'>patre</span> <span class='ocrx_word' id='word_1_192' title='bbox 1439 2581 1480 2620; x_wconf 85' lang='lat'>20</span> 
     </span>
     <span class='ocr_line' id='line_1_22' title="bbox 265 2656 1422 2746; baseline 0.004 -24"><span class='ocrx_word' id='word_1_193' title='bbox 265 2679 377 2722; x_wconf 88' lang='lat' dir='ltr'>eorum</span> <span class='ocrx_word' id='word_1_194' title='bbox 399 2657 540 2722; x_wconf 86' lang='lat' dir='ltr'>Saturno</span> <span class='ocrx_word' id='word_1_195' title='bbox 562 2656 674 2744; x_wconf 87' lang='lat' dir='ltr'>negari</span> <span class='ocrx_word' id='word_1_196' title='bbox 696 2668 813 2744; x_wconf 90' lang='lat' dir='ltr'>potest,</span> <span class='ocrx_word' id='word_1_197' title='bbox 838 2681 936 2745; x_wconf 91' lang='lat' dir='ltr'>quem</span> <span class='ocrx_word' id='word_1_198' title='bbox 962 2659 1058 2746; x_wconf 85' lang='lat' dir='ltr'>vulgo</span> <span class='ocrx_word' id='word_1_199' title='bbox 1081 2659 1222 2726; x_wconf 85' lang='lat' dir='ltr'>maxime</span> <span class='ocrx_word' id='word_1_200' title='bbox 1244 2661 1356 2727; x_wconf 89' lang='lat' dir='ltr'>colunt</span> <span class='ocrx_word' id='word_1_201' title='bbox 1381 2662 1422 2727; x_wconf 91' lang='lat' dir='ltr'>ad</span> 
     </span>
     <span class='ocr_line' id='line_1_23' title="bbox 247 2761 1422 2850; baseline 0.005 -24"><span class='ocrx_word' id='word_1_202' title='bbox 247 2778 250 2782; x_wconf 75' lang='grc'><em>’</em></span> <span class='ocrx_word' id='word_1_203' title='bbox 265 2761 487 2827; x_wconf 74' lang='lat' dir='ltr'>occidentem?</span> <span class='ocrx_word' id='word_1_204' title='bbox 531 2761 597 2842; x_wconf 80' lang='lat' dir='ltr'>Qui</span> <span class='ocrx_word' id='word_1_205' title='bbox 614 2761 643 2826; x_wconf 91' lang='lat' dir='ltr'>si</span> <span class='ocrx_word' id='word_1_206' title='bbox 661 2771 711 2827; x_wconf 90' lang='lat' dir='ltr'>est</span> <span class='ocrx_word' id='word_1_207' title='bbox 725 2762 815 2841; x_wconf 88' lang='lat' dir='ltr'>deus,</span> <span class='ocrx_word' id='word_1_208' title='bbox 830 2771 957 2849; x_wconf 87' lang='lat' dir='ltr'>patrem</span> <span class='ocrx_word' id='word_1_209' title='bbox 971 2785 1101 2850; x_wconf 89' lang='lat' dir='ltr'>quoque</span> <span class='ocrx_word' id='word_1_210' title='bbox 1116 2765 1186 2850; x_wconf 89' lang='lat' dir='ltr'>ejus</span> <span class='ocrx_word' id='word_1_211' title='bbox 1202 2765 1338 2831; x_wconf 87' lang='lat' dir='ltr'>Caelum</span> <span class='ocrx_word' id='word_1_212' title='bbox 1353 2789 1422 2832; x_wconf 86' lang='lat' dir='ltr'>esse</span> 
     </span>
     <span class='ocr_line' id='line_1_24' title="bbox 264 2864 1424 2955; baseline 0.004 -25"><span class='ocrx_word' id='word_1_213' title='bbox 264 2866 362 2930; x_wconf 91' lang='lat' dir='ltr'>deum</span> <span class='ocrx_word' id='word_1_214' title='bbox 378 2864 598 2930; x_wconf 91' lang='lat' dir='ltr'>confitendum</span> <span class='ocrx_word' id='word_1_215' title='bbox 614 2873 671 2929; x_wconf 90' lang='lat' dir='ltr'>est.</span> <span class='ocrx_word' id='word_1_216' title='bbox 717 2864 812 2945; x_wconf 80' lang='lat' dir='ltr'>Quod</span> <span class='ocrx_word' id='word_1_217' title='bbox 834 2865 860 2930; x_wconf 88' lang='lat' dir='ltr'>si</span> <span class='ocrx_word' id='word_1_218' title='bbox 880 2865 929 2930; x_wconf 88' lang='lat' dir='ltr'>ita</span> <span class='ocrx_word' id='word_1_219' title='bbox 944 2874 1003 2944; x_wconf 88' lang='lat' dir='ltr'>est,</span> <span class='ocrx_word' id='word_1_220' title='bbox 1019 2866 1110 2933; x_wconf 89' lang='lat' dir='ltr'>Caeli</span> <span class='ocrx_word' id='word_1_221' title='bbox 1125 2890 1254 2954; x_wconf 90' lang='lat' dir='ltr'>quoque</span> <span class='ocrx_word' id='word_1_222' title='bbox 1273 2877 1424 2955; x_wconf 88' lang='lat' dir='ltr'>parentes</span> 
     </span>
     <span class='ocr_line' id='line_1_25' title="bbox 264 2967 1424 3056; baseline 0.004 -23"><span class='ocrx_word' id='word_1_223' title='bbox 264 2969 300 3034; x_wconf 93' lang='lat' dir='ltr'>di</span> <span class='ocrx_word' id='word_1_224' title='bbox 316 2968 458 3034; x_wconf 88' lang='lat' dir='ltr'>habendi</span> <span class='ocrx_word' id='word_1_225' title='bbox 476 2975 561 3044; x_wconf 89' lang='lat' dir='ltr'>sunt,</span> <span class='ocrx_word' id='word_1_226' title='bbox 585 2967 710 3033; x_wconf 88' lang='lat' dir='ltr'>Aether</span> <span class='ocrx_word' id='word_1_227' title='bbox 732 2977 766 3032; x_wconf 89' lang='lat' dir='ltr'>et</span> <span class='ocrx_word' id='word_1_228' title='bbox 789 2967 877 3044; x_wconf 89' lang='lat' dir='ltr'>Dies,</span> <span class='ocrx_word' id='word_1_229' title='bbox 901 2991 1078 3056; x_wconf 88' lang='lat' dir='ltr'>eorumque</span> <span class='ocrx_word' id='word_1_230' title='bbox 1100 2972 1215 3036; x_wconf 84' lang='lat' dir='ltr'>fratres</span> <span class='ocrx_word' id='word_1_231' title='bbox 1237 2980 1271 3037; x_wconf 91' lang='lat' dir='ltr'>et</span> <span class='ocrx_word' id='word_1_232' title='bbox 1293 2994 1424 3052; x_wconf 86' lang='lat' dir='ltr'>sorores,</span> 
     </span>
     <span class='ocr_line' id='line_1_26' title="bbox 265 3072 1481 3163; baseline 0.004 -26"><span class='ocrx_word' id='word_1_233' title='bbox 265 3073 323 3159; x_wconf 91' lang='lat' dir='ltr'>qui</span> <span class='ocrx_word' id='word_1_234' title='bbox 337 3097 357 3138; x_wconf 89' lang='lat' dir='ltr'>a</span> <span class='ocrx_word' id='word_1_235' title='bbox 371 3073 554 3159; x_wconf 82' lang='lat' dir='ltr'>genealogis</span> <span class='ocrx_word' id='word_1_236' title='bbox 569 3072 713 3157; x_wconf 85' lang='lat' dir='ltr'>antiquis</span> <span class='ocrx_word' id='word_1_237' title='bbox 731 3072 777 3138; x_wconf 91' lang='lat' dir='ltr'>sic</span> <span class='ocrx_word' id='word_1_238' title='bbox 792 3074 1009 3154; x_wconf 88' lang='lat' dir='ltr'>nominantur,</span> <span class='ocrx_word' id='word_1_239' title='bbox 1024 3075 1135 3154; x_wconf 87' lang='lat' dir='ltr'>Amor,</span> <span class='ocrx_word' id='word_1_240' title='bbox 1153 3075 1264 3154; x_wconf 91' lang='lat' dir='ltr'>Dolus,</span> <span class='ocrx_word' id='word_1_241' title='bbox 1283 3077 1424 3154; x_wconf 86' lang='lat' dir='ltr'>Morbus,</span> <span class='ocrx_word' id='word_1_242' title='bbox 1442 3106 1458 3142; x_wconf 87' lang='lat'><strong>2</strong></span> <span class='ocrx_word' id='word_1_243' title='bbox 1462 3105 1481 3163; x_wconf 86' lang='lat'>5</span> 
     </span>
     <span class='ocr_line' id='line_1_27' title="bbox 265 3174 1549 3260; baseline 0.005 -20"><span class='ocrx_word' id='word_1_244' title='bbox 265 3175 383 3254; x_wconf 88' lang='lat' dir='ltr'>Metus,</span> <span class='ocrx_word' id='word_1_245' title='bbox 412 3177 525 3251; x_wconf 86' lang='lat' dir='ltr'>Labor,</span> <span class='ocrx_word' id='word_1_246' title='bbox 553 3174 750 3254; x_wconf 89' lang='lat' dir='ltr'>Invidentia,</span> <span class='ocrx_word' id='word_1_247' title='bbox 780 3176 909 3256; x_wconf 88' lang='lat' dir='ltr'>Fatum,</span> <span class='ocrx_word' id='word_1_248' title='bbox 937 3178 1104 3256; x_wconf 82' lang='lat' dir='ltr'>Senectus,</span> <span class='ocrx_word' id='word_1_249' title='bbox 1130 3179 1224 3257; x_wconf 87' lang='lat' dir='ltr'>Mors,</span> <span class='ocrx_word' id='word_1_250' title='bbox 1247 3179 1422 3256; x_wconf 82' lang='lat' dir='ltr'>Tenebrae,</span> <span class='ocrx_word' id='word_1_251' title='bbox 1548 3207 1549 3260; x_wconf 68' lang='lat'><em>3</em></span> 
     </span>
     <span class='ocr_line' id='line_1_28' title="bbox 266 3279 1425 3369; baseline 0.006 -25"><span class='ocrx_word' id='word_1_252' title='bbox 266 3280 404 3358; x_wconf 88' lang='lat' dir='ltr'>Miseria,</span> <span class='ocrx_word' id='word_1_253' title='bbox 419 3279 581 3360; x_wconf 80' lang='lat' dir='ltr'>Querella,</span> <span class='ocrx_word' id='word_1_254' title='bbox 596 3279 718 3358; x_wconf 86' lang='lat' dir='ltr'>Gratia,</span> <span class='ocrx_word' id='word_1_255' title='bbox 734 3280 847 3359; x_wconf 87' lang='lat' dir='ltr'>Fraus,</span> <span class='ocrx_word' id='word_1_256' title='bbox 867 3279 1058 3360; x_wconf 86' lang='lat' dir='ltr'>Pertinacia,</span> <span class='ocrx_word' id='word_1_257' title='bbox 1074 3281 1202 3362; x_wconf 86' lang='lat' dir='ltr'>Parcae,</span> <span class='ocrx_word' id='word_1_258' title='bbox 1217 3283 1425 3369; x_wconf 84' lang='lat' dir='ltr'>Hesperides,</span> 
     </span>
    </p>

    <p class='ocr_par' dir='ltr' id='par_1_5' title="bbox 187 3382 1426 3476">
     <span class='ocr_line' id='line_1_29' title="bbox 187 3382 1426 3476; baseline 0.007 -29"><span class='ocrx_word' id='word_1_259' title='bbox 187 3471 191 3476; x_wconf 77' lang='lat'><em>.</em></span> <span class='ocrx_word' id='word_1_260' title='bbox 265 3383 492 3468; x_wconf 86' lang='lat' dir='ltr'>Somnia,quos</span> <span class='ocrx_word' id='word_1_261' title='bbox 505 3405 616 3448; x_wconf 90' lang='lat' dir='ltr'>omnes</span> <span class='ocrx_word' id='word_1_262' title='bbox 628 3382 734 3448; x_wconf 82' lang='lat' dir='ltr'>Erebo</span> <span class='ocrx_word' id='word_1_263' title='bbox 745 3392 780 3448; x_wconf 89' lang='lat' dir='ltr'>et</span> <span class='ocrx_word' id='word_1_264' title='bbox 790 3383 895 3449; x_wconf 91' lang='lat' dir='ltr'>Nocte</span> <span class='ocrx_word' id='word_1_265' title='bbox 905 3392 998 3450; x_wconf 89' lang='lat' dir='ltr'>natos</span> <span class='ocrx_word' id='word_1_266' title='bbox 1009 3385 1124 3451; x_wconf 83' lang='lat' dir='ltr'>ferunt.</span> <span class='ocrx_word' id='word_1_267' title='bbox 1154 3387 1426 3474; x_wconf 82' lang='lat' dir='ltr'>Autigiturhaec</span> 
     </span>
    </p>
   </div>
   <div class='ocr_carea' id='block_1_3' title="bbox 259 3533 1427 4485">
    <p class='ocr_par' dir='ltr' id='par_1_6' title="bbox 259 3533 1427 4485">
     <span class='ocr_line' id='line_1_30' title="bbox 313 3533 1424 3603; baseline 0.008 -20"><span class='ocrx_word' id='word_1_268' title='bbox 313 3537 329 3583; x_wconf 78' lang='grc'>3</span> <span class='ocrx_word' id='word_1_269' title='bbox 345 3535 446 3597; x_wconf 82' lang='lat' dir='ltr'>qucruic</span> <span class='ocrx_word' id='word_1_270' title='bbox 457 3535 531 3592; x_wconf 80' lang='lat' dir='ltr'>cuim,</span> <span class='ocrx_word' id='word_1_271' title='bbox 542 3547 586 3584; x_wconf 79' lang='lat' dir='ltr'>cce</span> <span class='ocrx_word' id='word_1_272' title='bbox 597 3545 632 3584; x_wconf 88' lang='lat' dir='ltr'>on</span> <span class='ocrx_word' id='word_1_273' title='bbox 643 3548 668 3596; x_wconf 87' lang='lat' dir='ltr'>p.</span> <span class='ocrx_word' id='word_1_274' title='bbox 683 3533 713 3584; x_wconf 88' lang='grc'>16</span> <span class='ocrx_word' id='word_1_275' title='bbox 725 3534 790 3586; x_wconf 79' lang='lat'>1.17.</span> <span class='ocrx_word' id='word_1_276' title='bbox 914 3538 930 3588; x_wconf 79' lang='lat'><strong>5</strong></span> <span class='ocrx_word' id='word_1_277' title='bbox 946 3539 981 3586; x_wconf 76' lang='lat' dir='ltr'>iis</span> <span class='ocrx_word' id='word_1_278' title='bbox 992 3542 1012 3588; x_wconf 88' lang='grc'><strong>0</strong></span> <span class='ocrx_word' id='word_1_279' title='bbox 1022 3537 1092 3600; x_wconf 79' lang='lat' dir='ltr'>edd,</span> <span class='ocrx_word' id='word_1_280' title='bbox 1112 3541 1151 3588; x_wconf 77' lang='lat' dir='ltr'>tir</span> <span class='ocrx_word' id='word_1_281' title='bbox 1161 3539 1267 3602; x_wconf 78' lang='lat' dir='ltr'>BU&#39;m,</span> <span class='ocrx_word' id='word_1_282' title='bbox 1287 3542 1310 3590; x_wconf 75' lang='lat' dir='ltr'>is</span> <span class='ocrx_word' id='word_1_283' title='bbox 1321 3545 1351 3603; x_wconf 78' lang='lat' dir='ltr'>ll,</span> <span class='ocrx_word' id='word_1_284' title='bbox 1370 3555 1424 3592; x_wconf 86' lang='lat' dir='ltr'>cm.</span> 
     </span>
     <span class='ocr_line' id='line_1_31' title="bbox 264 3614 1424 3678; baseline 0.009 -14"><span class='ocrx_word' id='word_1_285' title='bbox 264 3614 375 3665; x_wconf 80' lang='lat' dir='ltr'>AOEPV</span> <span class='ocrx_word' id='word_1_286' title='bbox 387 3615 445 3665; x_wconf 75' lang='lat' dir='ltr'>Oxi.</span> <span class='ocrx_word' id='word_1_287' title='bbox 456 3620 540 3669; x_wconf 66' lang='lat' dir='ltr'>m.</span> <span class='ocrx_word' id='word_1_288' title='bbox 647 3618 663 3665; x_wconf 87' lang='grc'>8</span> <span class='ocrx_word' id='word_1_289' title='bbox 679 3617 726 3666; x_wconf 78' lang='lat' dir='ltr'>toti</span> <span class='ocrx_word' id='word_1_290' title='bbox 736 3615 797 3675; x_wconf 82' lang='lat' dir='ltr'>Ed..</span> <span class='ocrx_word' id='word_1_291' title='bbox 809 3631 861 3668; x_wconf 89' lang='lat' dir='ltr'>orn.</span> <span class='ocrx_word' id='word_1_292' title='bbox 876 3631 926 3667; x_wconf 89' lang='lat' dir='ltr'>rrss</span> <span class='ocrx_word' id='word_1_293' title='bbox 937 3618 991 3669; x_wconf 84' lang='lat' dir='ltr'>and</span> <span class='ocrx_word' id='word_1_294' title='bbox 1002 3618 1068 3678; x_wconf 76' lang='lat' dir='ltr'>edd,</span> <span class='ocrx_word' id='word_1_295' title='bbox 1081 3620 1235 3671; x_wconf 78' lang='lat' dir='ltr'>saccorum.</span> <span class='ocrx_word' id='word_1_296' title='bbox 1340 3624 1356 3674; x_wconf 82' lang='grc'>9</span> <span class='ocrx_word' id='word_1_297' title='bbox 1372 3623 1424 3674; x_wconf 82' lang='lat' dir='ltr'>Pa-</span> 
     </span>
     <span class='ocr_line' id='line_1_32' title="bbox 263 3696 1427 3768; baseline 0.009 -23"><span class='ocrx_word' id='word_1_298' title='bbox 263 3698 329 3746; x_wconf 81' lang='lat' dir='ltr'>ru&#39;rct</span> <span class='ocrx_word' id='word_1_299' title='bbox 339 3696 440 3745; x_wconf 83' lang='lat' dir='ltr'>A¹BPV</span> <span class='ocrx_word' id='word_1_300' title='bbox 451 3696 510 3746; x_wconf 77' lang='lat' dir='ltr'>Oxi.</span> <span class='ocrx_word' id='word_1_301' title='bbox 523 3701 576 3759; x_wconf 69' lang='grc' dir='ltr'>ΜΟ,</span> <span class='ocrx_word' id='word_1_302' title='bbox 595 3698 680 3746; x_wconf 75' lang='lat' dir='ltr'>Parus</span> <span class='ocrx_word' id='word_1_303' title='bbox 691 3697 780 3748; x_wconf 78' lang='lat' dir='ltr'>CEBc.</span> <span class='ocrx_word' id='word_1_304' title='bbox 863 3707 887 3749; x_wconf 84' lang='lat' dir='ltr'>ct</span> <span class='ocrx_word' id='word_1_305' title='bbox 899 3713 952 3749; x_wconf 91' lang='lat' dir='ltr'>om.</span> <span class='ocrx_word' id='word_1_306' title='bbox 964 3699 1034 3751; x_wconf 69' lang='lat' dir='ltr'>VTH</span> <span class='ocrx_word' id='word_1_307' title='bbox 1046 3701 1104 3752; x_wconf 80' lang='lat' dir='ltr'>Oxi.</span> <span class='ocrx_word' id='word_1_308' title='bbox 1204 3703 1237 3753; x_wconf 88' lang='grc'>10</span> <span class='ocrx_word' id='word_1_309' title='bbox 1252 3705 1312 3754; x_wconf 79' lang='lat' dir='ltr'>dece</span> <span class='ocrx_word' id='word_1_310' title='bbox 1323 3707 1427 3768; x_wconf 75' lang='lat' dir='ltr'>quidem</span> 
     </span>
     <span class='ocr_line' id='line_1_33' title="bbox 263 3776 1426 3850; baseline 0.01 -24"><span class='ocrx_word' id='word_1_311' title='bbox 263 3776 374 3827; x_wconf 81' lang='lat' dir='ltr'>ABOPV</span> <span class='ocrx_word' id='word_1_312' title='bbox 390 3777 491 3838; x_wconf 53' lang='lat' dir='ltr'>crte,</span> <span class='ocrx_word' id='word_1_313' title='bbox 511 3780 611 3841; x_wconf 80' lang='lat' dir='ltr'>quidem</span> <span class='ocrx_word' id='word_1_314' title='bbox 627 3779 650 3827; x_wconf 85' lang='grc' dir='ltr'>Ε</span> <span class='ocrx_word' id='word_1_315' title='bbox 667 3778 742 3829; x_wconf 76' lang='lat' dir='ltr'>Allen</span> <span class='ocrx_word' id='word_1_316' title='bbox 760 3780 804 3830; x_wconf 92' lang='lat' dir='ltr'>Or.</span> <span class='ocrx_word' id='word_1_317' title='bbox 822 3781 868 3832; x_wconf 80' lang='lat' dir='ltr'>Ba.</span> <span class='ocrx_word' id='word_1_318' title='bbox 885 3779 946 3832; x_wconf 80' lang='lat' dir='ltr'>Sch.</span> <span class='ocrx_word' id='word_1_319' title='bbox 965 3783 1035 3846; x_wconf 81' lang='lat' dir='ltr'>(dece</span> <span class='ocrx_word' id='word_1_320' title='bbox 1052 3781 1081 3832; x_wconf 89' lang='lat' dir='ltr'>in</span> <span class='ocrx_word' id='word_1_321' title='bbox 1098 3782 1214 3834; x_wconf 80' lang='lat' dir='ltr'>brackets</span> <span class='ocrx_word' id='word_1_322' title='bbox 1231 3784 1305 3848; x_wconf 77' lang='lat' dir='ltr'>Mu),</span> <span class='ocrx_word' id='word_1_323' title='bbox 1324 3789 1426 3850; x_wconf 78' lang='lat' dir='ltr'>quidem</span> 
     </span>
     <span class='ocr_line' id='line_1_34' title="bbox 263 3859 1426 3928; baseline 0.009 -19"><span class='ocrx_word' id='word_1_324' title='bbox 263 3860 324 3909; x_wconf 73' lang='lat' dir='ltr'>dccc</span> <span class='ocrx_word' id='word_1_325' title='bbox 341 3859 415 3913; x_wconf 78' lang='lat' dir='ltr'>EG÷</span> <span class='ocrx_word' id='word_1_326' title='bbox 432 3859 537 3918; x_wconf 86' lang='lat' dir='ltr'>Heind.,</span> <span class='ocrx_word' id='word_1_327' title='bbox 555 3861 616 3910; x_wconf 75' lang='lat' dir='ltr'>deae</span> <span class='ocrx_word' id='word_1_328' title='bbox 633 3861 715 3910; x_wconf 80' lang='lat' dir='ltr'>1Asc.</span> <span class='ocrx_word' id='word_1_329' title='bbox 821 3862 853 3912; x_wconf 83' lang='lat' dir='ltr'>la</span> <span class='ocrx_word' id='word_1_330' title='bbox 870 3864 942 3912; x_wconf 70' lang='lat' dir='ltr'>mm</span> <span class='ocrx_word' id='word_1_331' title='bbox 957 3877 1006 3913; x_wconf 85' lang='lat' dir='ltr'>rrss</span> <span class='ocrx_word' id='word_1_332' title='bbox 1025 3863 1164 3928; x_wconf 75' lang='lat' dir='ltr'>generally,</span> <span class='ocrx_word' id='word_1_333' title='bbox 1183 3865 1269 3917; x_wconf 77' lang='lat' dir='ltr'>before</span> <span class='ocrx_word' id='word_1_334' title='bbox 1287 3869 1374 3919; x_wconf 79' lang='lat' dir='ltr'>Jooem</span> <span class='ocrx_word' id='word_1_335' title='bbox 1393 3874 1426 3921; x_wconf 86' lang='lat'>11.</span> 
     </span>
     <span class='ocr_line' id='line_1_35' title="bbox 263 3939 1424 4016; baseline 0.009 -27"><span class='ocrx_word' id='word_1_336' title='bbox 263 3939 369 4006; x_wconf 88' lang='lat' dir='ltr'>(should</span> <span class='ocrx_word' id='word_1_337' title='bbox 378 3941 401 3990; x_wconf 91' lang='lat' dir='ltr'>it</span> <span class='ocrx_word' id='word_1_338' title='bbox 412 3956 483 3990; x_wconf 89' lang='lat' dir='ltr'>come</span> <span class='ocrx_word' id='word_1_339' title='bbox 495 3941 562 3991; x_wconf 79' lang='lat' dir='ltr'>after</span> <span class='ocrx_word' id='word_1_340' title='bbox 572 3941 698 4006; x_wconf 77' lang='lat' dir='ltr'>Joucurt),</span> <span class='ocrx_word' id='word_1_341' title='bbox 716 3944 773 3992; x_wconf 79' lang='lat' dir='ltr'>deos</span> <span class='ocrx_word' id='word_1_342' title='bbox 789 3943 833 3993; x_wconf 74' lang='lat' dir='ltr'>OG</span> <span class='ocrx_word' id='word_1_343' title='bbox 844 3943 905 4006; x_wconf 79' lang='lat' dir='ltr'>Bag.</span> <span class='ocrx_word' id='word_1_344' title='bbox 917 3943 1014 3994; x_wconf 89' lang='lat' dir='ltr'>Heind.</span> <span class='ocrx_word' id='word_1_345' title='bbox 1028 3945 1173 3998; x_wconf 71' lang='lat' dir='ltr'>swainscn.</span> <span class='ocrx_word' id='word_1_346' title='bbox 1299 3950 1331 3999; x_wconf 80' lang='lat'>15</span> <span class='ocrx_word' id='word_1_347' title='bbox 1347 3951 1424 4016; x_wconf 78' lang='lat' dir='ltr'>Pyri-</span> 
     </span>
     <span class='ocr_line' id='line_1_36' title="bbox 259 4022 1424 4096; baseline 0.009 -25"><span class='ocrx_word' id='word_1_348' title='bbox 259 4024 412 4086; x_wconf 71' lang='lat' dir='ltr'>paupertas</span> <span class='ocrx_word' id='word_1_349' title='bbox 421 4022 446 4071; x_wconf 89' lang='lat' dir='ltr'>X</span> <span class='ocrx_word' id='word_1_350' title='bbox 456 4026 515 4072; x_wconf 74' lang='lat' dir='ltr'>Blw</span> <span class='ocrx_word' id='word_1_351' title='bbox 527 4023 594 4085; x_wconf 77' lang='lat' dir='ltr'>ors,</span> <span class='ocrx_word' id='word_1_352' title='bbox 604 4025 671 4088; x_wconf 74' lang='lat' dir='ltr'>Styx</span> <span class='ocrx_word' id='word_1_353' title='bbox 681 4024 770 4086; x_wconf 68' lang='lat' dir='ltr'>Putea</span> <span class='ocrx_word' id='word_1_354' title='bbox 780 4025 827 4076; x_wconf 76' lang='lat' dir='ltr'>GE</span> <span class='ocrx_word' id='word_1_355' title='bbox 838 4025 896 4078; x_wconf 81' lang='lat' dir='ltr'>Asc.</span> <span class='ocrx_word' id='word_1_356' title='bbox 908 4025 988 4076; x_wconf 82' lang='lat' dir='ltr'>Mars.</span> <span class='ocrx_word' id='word_1_357' title='bbox 1000 4026 1096 4077; x_wconf 90' lang='lat' dir='ltr'>Heind.</span> <span class='ocrx_word' id='word_1_358' title='bbox 1180 4030 1210 4080; x_wconf 87' lang='lat' dir='ltr'>l&#39;l</span> <span class='ocrx_word' id='word_1_359' title='bbox 1222 4031 1307 4080; x_wconf 60' lang='lat' dir='ltr'>cubat</span> <span class='ocrx_word' id='word_1_360' title='bbox 1317 4030 1424 4096; x_wconf 77' lang='lat' dir='ltr'>13¹[r10.</span> 
     </span>
     <span class='ocr_line' id='line_1_37' title="bbox 262 4102 1426 4175; baseline 0.009 -22"><span class='ocrx_word' id='word_1_361' title='bbox 262 4105 352 4167; x_wconf 68' lang='lat' dir='ltr'>cpebct</span> <span class='ocrx_word' id='word_1_362' title='bbox 363 4103 396 4152; x_wconf 86' lang='lat' dir='ltr'>B¹</span> <span class='ocrx_word' id='word_1_363' title='bbox 407 4102 459 4153; x_wconf 79' lang='lat' dir='ltr'>end</span> <span class='ocrx_word' id='word_1_364' title='bbox 470 4117 520 4152; x_wconf 86' lang='lat' dir='ltr'>rrss</span> <span class='ocrx_word' id='word_1_365' title='bbox 531 4104 669 4167; x_wconf 77' lang='lat' dir='ltr'>generally,</span> <span class='ocrx_word' id='word_1_366' title='bbox 682 4119 725 4155; x_wconf 85' lang='lat' dir='ltr'>see</span> <span class='ocrx_word' id='word_1_367' title='bbox 736 4104 817 4156; x_wconf 85' lang='lat' dir='ltr'>below</span> <span class='ocrx_word' id='word_1_368' title='bbox 828 4106 846 4156; x_wconf 94' lang='lat' dir='ltr'>l.</span> <span class='ocrx_word' id='word_1_369' title='bbox 854 4107 887 4155; x_wconf 78' lang='lat'>20</span> <span class='ocrx_word' id='word_1_370' title='bbox 898 4107 926 4156; x_wconf 92' lang='lat' dir='ltr'>in</span> <span class='ocrx_word' id='word_1_371' title='bbox 937 4106 1048 4169; x_wconf 80' lang='lat' dir='ltr'>English</span> <span class='ocrx_word' id='word_1_372' title='bbox 1060 4123 1118 4160; x_wconf 88' lang='lat' dir='ltr'>rrss.</span> <span class='ocrx_word' id='word_1_373' title='bbox 1227 4113 1258 4160; x_wconf 78' lang='lat'>21</span> <span class='ocrx_word' id='word_1_374' title='bbox 1275 4115 1364 4175; x_wconf 75' lang='lat' dir='ltr'>uepcrr‘</span> <span class='ocrx_word' id='word_1_375' title='bbox 1375 4127 1426 4164; x_wconf 87' lang='lat' dir='ltr'>rrss</span> 
     </span>
     <span class='ocr_line' id='line_1_38' title="bbox 262 4185 1426 4254; baseline 0.011 -19"><span class='ocrx_word' id='word_1_376' title='bbox 262 4185 400 4249; x_wconf 74' lang='lat' dir='ltr'>generally,</span> <span class='ocrx_word' id='word_1_377' title='bbox 414 4186 443 4234; x_wconf 82' lang='lat' dir='ltr'>id</span> <span class='ocrx_word' id='word_1_378' title='bbox 453 4187 543 4247; x_wconf 70' lang='lat' dir='ltr'>macri</span> <span class='ocrx_word' id='word_1_379' title='bbox 553 4185 601 4236; x_wconf 74' lang='lat' dir='ltr'>EG</span> <span class='ocrx_word' id='word_1_380' title='bbox 612 4186 664 4236; x_wconf 84' lang='lat' dir='ltr'>and</span> <span class='ocrx_word' id='word_1_381' title='bbox 675 4187 749 4238; x_wconf 86' lang='lat' dir='ltr'>three</span> <span class='ocrx_word' id='word_1_382' title='bbox 757 4188 786 4237; x_wconf 82' lang='lat' dir='ltr'>of</span> <span class='ocrx_word' id='word_1_383' title='bbox 793 4188 885 4239; x_wconf 86' lang='lat' dir='ltr'>Moser.</span> <span class='ocrx_word' id='word_1_384' title='bbox 921 4189 988 4254; x_wconf 80' lang='lat' dir='ltr'>(Has</span> <span class='ocrx_word' id='word_1_385' title='bbox 1000 4193 1028 4240; x_wconf 80' lang='lat' dir='ltr'>td</span> <span class='ocrx_word' id='word_1_386' title='bbox 1039 4191 1103 4242; x_wconf 91' lang='lat' dir='ltr'>been</span> <span class='ocrx_word' id='word_1_387' title='bbox 1114 4192 1167 4242; x_wconf 88' lang='lat' dir='ltr'>lost</span> <span class='ocrx_word' id='word_1_388' title='bbox 1177 4192 1290 4244; x_wconf 82' lang='lat' dir='ltr'>between</span> <span class='ocrx_word' id='word_1_389' title='bbox 1301 4211 1361 4244; x_wconf 80' lang='lat' dir='ltr'>aum</span> <span class='ocrx_word' id='word_1_390' title='bbox 1371 4196 1426 4248; x_wconf 85' lang='lat' dir='ltr'>and</span> 
     </span>
     <span class='ocr_line' id='line_1_39' title="bbox 262 4268 1426 4343; baseline 0.008 -23"><span class='ocrx_word' id='word_1_391' title='bbox 262 4273 292 4320; x_wconf 76' lang='lat' dir='ltr'>de</span> <span class='ocrx_word' id='word_1_392' title='bbox 303 4269 332 4319; x_wconf 92' lang='lat' dir='ltr'>in</span> <span class='ocrx_word' id='word_1_393' title='bbox 343 4269 463 4332; x_wconf 84' lang='lat' dir='ltr'>previous</span> <span class='ocrx_word' id='word_1_394' title='bbox 474 4268 555 4336; x_wconf 77' lang='lat' dir='ltr'>linet)</span> <span class='ocrx_word' id='word_1_395' title='bbox 676 4273 709 4321; x_wconf 79' lang='lat'>25</span> <span class='ocrx_word' id='word_1_396' title='bbox 724 4274 823 4322; x_wconf 74' lang='lat' dir='ltr'>mortus</span> <span class='ocrx_word' id='word_1_397' title='bbox 839 4280 917 4324; x_wconf 81' lang='lat' dir='ltr'>metus</span> <span class='ocrx_word' id='word_1_398' title='bbox 933 4273 992 4336; x_wconf 81' lang='lat' dir='ltr'>Ed,</span> <span class='ocrx_word' id='word_1_399' title='bbox 1012 4275 1109 4325; x_wconf 72' lang='lat' dir='ltr'>mortuo</span> <span class='ocrx_word' id='word_1_400' title='bbox 1119 4274 1176 4326; x_wconf 91' lang='lat' dir='ltr'>cod.</span> <span class='ocrx_word' id='word_1_401' title='bbox 1187 4275 1287 4327; x_wconf 85' lang='lat' dir='ltr'>Buslid.</span> <span class='ocrx_word' id='word_1_402' title='bbox 1301 4276 1379 4343; x_wconf 80' lang='lat' dir='ltr'>(cited</span> <span class='ocrx_word' id='word_1_403' title='bbox 1390 4279 1426 4343; x_wconf 88' lang='lat' dir='ltr'>by</span> 
     </span>
     <span class='ocr_line' id='line_1_40' title="bbox 263 4347 1421 4419; baseline 0.009 -18"><span class='ocrx_word' id='word_1_404' title='bbox 263 4349 386 4416; x_wconf 82' lang='lat' dir='ltr'>Gronov.)</span> <span class='ocrx_word' id='word_1_405' title='bbox 396 4349 440 4400; x_wconf 89' lang='lat' dir='ltr'>Or.</span> <span class='ocrx_word' id='word_1_406' title='bbox 449 4349 506 4411; x_wconf 75' lang='lat' dir='ltr'>Ba,</span> <span class='ocrx_word' id='word_1_407' title='bbox 520 4357 598 4400; x_wconf 76' lang='lat' dir='ltr'>cuttu</span> <span class='ocrx_word' id='word_1_408' title='bbox 609 4351 727 4416; x_wconf 66' lang='lat' dir='ltr'>1102le</span> <span class='ocrx_word' id='word_1_409' title='bbox 735 4351 795 4403; x_wconf 80' lang='lat' dir='ltr'>Sch.</span> <span class='ocrx_word' id='word_1_410' title='bbox 804 4353 868 4414; x_wconf 69' lang='lat' dir='ltr'>Mu„</span> <span class='ocrx_word' id='word_1_411' title='bbox 879 4356 964 4404; x_wconf 74' lang='lat' dir='ltr'>moritu</span> <span class='ocrx_word' id='word_1_412' title='bbox 971 4354 1216 4419; x_wconf 68' lang='lat' dir='ltr'>incurvum,</span> <span class='ocrx_word' id='word_1_413' title='bbox 1230 4347 1313 4408; x_wconf 61' lang='lat' dir='ltr'>nutus</span> <span class='ocrx_word' id='word_1_414' title='bbox 1319 4357 1354 4409; x_wconf 77' lang='lat' dir='ltr'>V¹</span> <span class='ocrx_word' id='word_1_415' title='bbox 1362 4357 1421 4412; x_wconf 74' lang='lat' dir='ltr'>om</span> 
     </span>
     <span class='ocr_line' id='line_1_41' title="bbox 261 4438 317 4485; baseline -0.071 0"><span class='ocrx_word' id='word_1_416' title='bbox 261 4438 317 4485; x_wconf 69' lang='lat' dir='ltr'>HV.</span> 
     </span>
    </p>
   </div>
   <div class='ocr_carea' id='block_1_4' title="bbox 0 0 1568 4942">
    <p class='ocr_par' dir='ltr' id='par_1_7' title="bbox 0 0 1568 4942">
     <span class='ocr_line' id='line_1_42' title="bbox 0 0 1568 4942; baseline 0 1"><span class='ocrx_word' id='word_1_417' title='bbox 0 0 1568 4942; x_wconf 95' lang='lat' dir='ltr'> </span> 
     </span>
    </p>
   </div>
  </div>
 </body>
</html>
