3125 4942
260 378 303 440 28
645 393 692 443 nn
713 393 856 444 uernae
878 396 1034 445 nnonuu.

260 540 317 606 sed
331 542 435 606 multo
450 540 519 606 vita
532 540 712 606 communis
726 563 831 626 paene
847 542 1030 628 majoribus
1065 543 1177 610 Sentit
1191 543 1305 609 domus
1320 543 1419 609 unius

258 645 425 731 cujusque,
445 646 546 712 sentit
565 647 679 724 forum,
699 647 801 710 sentit
821 647 919 725 curia,
941 647 1093 734 Campus,
1111 648 1200 726 socii,
1223 648 1418 733 provinciae,

260 756 307 824 ut,
332 769 429 834 quem
453 750 494 814 ad
518 749 651 814 modum
675 750 801 814 ratione
827 759 914 816 recte
941 749 1009 828 fiat,
1035 751 1080 816 sic
1107 751 1231 817 ratione
1258 758 1418 837 peccetur,

259 853 462 938 alterumque
477 861 512 917 et
526 875 546 916 a
560 852 672 938 paucis
690 861 724 917 et
742 875 821 931 raro,
838 853 978 919 alterum
999 863 1034 921 et
1051 877 1148 940 saepe
1168 862 1203 919 et
1224 877 1244 919 a
1260 855 1419 940 plurimis,

260 964 299 1021 ut
313 956 414 1020 satius
428 956 527 1020 fuerit
540 957 664 1021 nullam
686 957 817 1021 omnino
837 957 930 1022 nobis
946 980 966 1022 a
980 958 1029 1022 dis
1045 959 1284 1024 immortalibus
1307 959 1418 1024 datam
1455 977 1472 1038 5

260 1081 328 1124 esse
358 1059 518 1124 rationem
542 1082 639 1145 quam
664 1068 758 1124 tanta
787 1082 862 1125 cum
894 1061 1035 1146 pernicie
1066 1060 1186 1127 datam.
1229 1061 1280 1126 Ut
1305 1061 1419 1125 vinum

260 1162 408 1248 aegrotis,
433 1163 512 1249 quia
534 1162 666 1248 prodest
690 1185 770 1240 raro,
798 1173 893 1229 nocet
919 1165 1115 1250 saepissime,
1139 1166 1256 1231 melius
1280 1173 1330 1231 est
1355 1187 1419 1230 non

260 1266 412 1331 adhibere
427 1266 559 1331 omnino
574 1289 672 1352 quam
687 1289 744 1352 spe
759 1267 878 1332 dubiae
894 1268 1009 1334 salutis
1024 1269 1058 1332 in
1074 1277 1220 1355 apertam
1241 1268 1419 1356 perniciem

260 1371 432 1448 incurrere,
448 1373 493 1436 sic
507 1372 596 1437 haud
611 1373 676 1437 scio
690 1395 733 1436 an
748 1373 867 1437 melius
881 1373 981 1438 fuerit
995 1373 1139 1438 humano
1159 1374 1271 1460 generi
1291 1381 1419 1438 motum

260 1478 361 1540 istum
383 1477 519 1542 celerem
541 1477 756 1564 cogitationis,
773 1499 920 1556 acumen,
938 1477 1124 1556 sollertiam,
1141 1499 1240 1562 quarn
1260 1477 1418 1543 rationem
1438 1497 1476 1536 ιο

260 1602 420 1659 vocamus,
435 1580 590 1665 quoniam
608 1580 762 1666 pestilera
776 1589 821 1646 est
836 1580 957 1658 multis,
973 1581 1149 1645 admodum
1168 1581 1280 1666 paucis
1300 1581 1420 1647 saluta·

261 1682 315 1760 ris,
333 1704 406 1766 ¹nou
433 1683 503 1747 dari
528 1683 660 1748 omnino
686 1705 785 1768 quam
813 1691 880 1748 tam
909 1682 1061 1748 munifice
1084 1692 1209 1748 ettam
1232 1684 1420 1770 largedari.

208 1793 247 1852 70
262 1788 368 1867 Quem
391 1787 432 1851 ob
456 1808 524 1851 rem
550 1787 579 1850 si
608 1809 699 1851 mens
723 1787 939 1872 voluntasque
970 1787 1082 1852 divina
1110 1787 1229 1852 idcirco
1258 1787 1421 1853 consuluit

262 1890 455 1966 hominibus,
470 1889 556 1975 quod
571 1891 612 1954 iis
626 1898 676 1954 est
690 1890 808 1975 largita
821 1891 990 1969 rationem,
1006 1893 1046 1956 iis
1061 1891 1136 1956 solis
1154 1890 1324 1970 consuluit,
1339 1913 1420 1976 quos

261 1993 347 2058 bona
360 1992 485 2057 ratione
499 1991 641 2068 donavit,
658 2014 738 2077 quos
753 1992 910 2068 videmus,
926 1993 954 2056 si
969 1993 1065 2056 modo
1080 1991 1140 2056 ulli
1155 2000 1242 2071 sunt,
1259 2013 1327 2056 esse
1346 2013 1418 2077 per·
1436 2014 1473 2074 15

261 2118 386 2183 paucos
432 2097 508 2161 Non
523 2097 629 2181 placet
644 2105 755 2161 autem
771 2095 883 2181 paucis
898 2119 918 2161 a
933 2096 982 2161 dis
997 2095 1235 2160 immortalibus
1256 2117 1327 2161 esse
1346 2118 1420 2161 con-

262 2201 404 2280 sultum3
428 2200 577 2285 sequitur
591 2222 677 2288 ergo,
693 2210 731 2265 ut
745 2201 869 2264 nemini
885 2201 1067 2266 consultum
1083 2201 1135 2266 sit.

327 2303 489 2368 XXVIII.
528 2303 616 2368 Huic
636 2303 704 2368 loco
724 2303 769 2368 sic
791 2303 901 2369 soletis
921 2325 1103 2369 occurrere:
1129 2325 1194 2368 uon
1216 2303 1334 2370 idcirco
1354 2326 1419 2369 non

263 2407 386 2494 optime
406 2407 499 2472 nobis
514 2430 534 2471 a
550 2407 601 2472 dis
621 2430 690 2472 esse
712 2409 886 2493 provisum,
902 2406 990 2493 quod
1012 2408 1110 2474 multi
1132 2429 1243 2474 eorum
1265 2407 1420 2475 beneficio

262 2533 411 2598 perverse
426 2519 617 2592 uterentur3
639 2511 740 2577 etiam
760 2511 967 2599 patrimoniis
984 2511 1104 2576 multos
1123 2512 1208 2576 male
1226 2511 1286 2590 uti,
1301 2533 1359 2576 nec
1378 2512 1419 2576 ob
1436 2534 1477 2573 20

263 2638 486 2689 eamcausam
509 2638 562 2680 eos
583 2614 778 2681 beneficium
799 2613 984 2699 epatribus
1004 2615 1132 2678 nullum
1154 2615 1281 2681 habere.
1326 2614 1420 2696 Quis-

264 2741 363 2805 quam
377 2719 461 2783 istuc
475 2722 595 2804 negati
618 2726 781 2804 autquae
804 2726 855 2782 est
878 2717 912 2781 in
934 2717 1108 2782 collatione
1132 2718 1195 2782 ista
1217 2716 1420 2782 similitudo?

263 2824 333 2889 Nec
348 2824 436 2889 enim
452 2823 586 2888 Herculi
607 2844 721 2888 nocere
738 2822 894 2888 Deianira
908 2822 1022 2900 voluit,
1039 2844 1114 2886 cum
1132 2822 1163 2886 ei
1183 2821 1329 2886 tunicam
1348 2843 1421 2885 san-

312 2993 829 3058 iraepeedd.eiterldunut.,eemperress.
898 2991 1421 3052 11aesin.or.Ba.Mu.,srma1Ban1‚

263 3081 299 3129 eit
315 3077 403 3128 cA²V¹
419 3076 640 3138 011.Mus.,eam
656 3077 680 3126 G
696 3074 794 3126 Heind.
892 3078 1014 3126 salutarie
1030 3075 1063 3137 X,
1081 3077 1211 3126 calumnia
1227 3075 1309 3126 B²EG
1325 3074 1421 3126 Heind.

265 3163 297 3212 14
313 3168 349 3212 eet
361 3162 465 3223 lenatia,
477 3161 573 3222 largita
583 3167 620 3209 ert
632 3159 693 3210 Sch.
745 3168 752 3180 ·
784 3159 815 3208 15
831 3161 880 3208 uili
891 3166 950 3208 mat
961 3174 1011 3209 esee
1023 3159 1055 3220 E,
1068 3160 1119 3208 atii
1129 3161 1182 3208 rint
1192 3175 1242 3209 erre
1254 3159 1343 3208 ABGV
1355 3159 1422 3218 Oxi,

216 3297 224 3310 ‚
264 3246 326 3296 uilis
336 3245 454 3295 interesse
465 3243 532 3294 Par.
622 3243 655 3291 21
672 3245 805 3306 quaquam
815 3244 881 3291 istuc
898 3241 968 3305 ORE,
982 3244 1102 3305 quequae
1119 3243 1184 3292 istuc
1200 3241 1244 3290 BP
1256 3245 1310 3304 (sce
1321 3241 1420 3292 Introd.

265 3342 299 3378 on
317 3328 384 3389 uss),
403 3328 567 3389 quisquamne
580 3326 647 3374 ictuc
665 3325 688 3373 V
709 3327 751 3387 (ex
769 3323 846 3389 corr.)
867 3324 934 3382 Oxi,
954 3325 1016 3386 quid
1032 3326 1102 3374 istud
1118 3324 1150 3384 E,
1169 3326 1302 3388 qumquam
1312 3324 1423 3386 imieA

265 3413 343 3474 fiante
360 3409 389 3459 in
405 3424 454 3460 raa
472 3409 539 3459 later
555 3407 643 3471 hand).
728 3409 760 3456 23
777 3407 819 3457 On
834 3407 879 3457 ths
895 3405 970 3456 order
984 3408 1013 3457 of
1028 3407 1073 3457 the
1088 3407 1189 3458 clauses
1205 3407 1272 3457 from
1289 3408 1341 3458 Nec
1357 3409 1425 3458 enim

264 3492 292 3540 to
303 3491 411 3539 suberret
421 3491 456 3551 (p.
466 3489 498 3539 29
509 3487 527 3536 l.
536 3486 627 3552 lilaea
636 3486 736 3536 Corum.
760 3485 815 3535 'Phe
823 3489 1005 3549 arrangement
1017 3486 1089 3536 there
1100 3485 1225 3550 proposed
1236 3485 1259 3535 is
1268 3501 1298 3536 as
1306 3486 1421 3536 follows:

264 3573 322 3622 Non
333 3573 407 3630 enim,
418 3577 447 3620 at
454 3571 637 3633 patrimonium
645 3569 809 3631 relinquitur,
820 3570 858 3617 eie
869 3570 936 3617 ratio
951 3575 987 3617 ert
1005 3569 1099 3617 homini
1111 3569 1227 3632 beneficio
1238 3567 1338 3618 &orum
1350 3569 1421 3618 data.

266 3655 334 3716 Quid
345 3654 411 3701 enim
418 3654 503 3715 potius
516 3651 657 3701 hominibus
668 3650 804 3707 dedissent,
814 3651 839 3698 ri
854 3651 889 3698 iir
905 3665 990 3699 nocere
1002 3650 1159 3699 aoluimmi
1182 3647 1268 3712 [They
1284 3647 1360 3698 could
1376 3655 1424 3699 not

264 3737 330 3786 hare
341 3735 417 3797 given
428 3733 586 3796 ignoranuy,
597 3747 628 3783 as
638 3747 700 3783 men
710 3731 764 3795 do]
792 3733 871 3781 Multi
882 3735 948 3782 enim
959 3739 991 3794 et,
1004 3747 1060 3782 eum
1070 3733 1151 3782 obesae
1163 3733 1262 3791 velient,
1271 3733 1423 3796 prosuerunt

264 3825 297 3878 et,
312 3832 368 3867 eam
380 3817 505 3879 prodeue,
522 3816 663 3878 adfuerrem,
701 3815 752 3864 Nee
768 3816 835 3864 enim
853 3815 962 3864 Herculi
980 3828 1067 3864 nocere
1082 3815 1210 3863 Deianira
1225 3815 1314 3873 voluit,
1329 3827 1384 3862 cum
1399 3815 1425 3864 ei

266 3899 378 3947 tunicam
394 3898 516 3958 ranpuirre
537 3897 660 3945 Centauri
676 3897 782 3944 tinctam
796 3895 874 3952 dedit,
892 3909 936 3944 nec
956 3893 1073 3958 prodesse
1090 3894 1203 3944 Pheraeo
1220 3896 1311 3946 dmoni
1328 3899 1360 3955 ir.
1378 3899 1425 3961 qui

264 3979 351 4040 alodia
366 3979 488 4027 amnicum
504 3978 556 4038 airu
574 3978 682 4039 aperuit,
700 3991 775 4039 qaam
785 3990 876 4026 sanare
887 3975 978 4024 nrediei
989 3991 1039 4025 non
1050 3982 1194 4038 potuerant.
1227 3977 1271 4026 Ita
1281 3979 1376 4042 nonsit
1393 3993 1425 4028 ea

264 4075 300 4117 eo,
319 4060 386 4122 quod
404 4060 487 4116 datur,
503 4064 533 4107 ut
548 4061 666 4108 valaniae
682 4059 743 4120 eiua
763 4059 809 4121 qui
822 4059 926 4118 dederit,
944 4063 1074 4120 appareat,
1094 4072 1146 4116 nec,
1165 4059 1189 4106 ri
1204 4059 1235 4116 ia,
1253 4059 1297 4120 qui
1313 4061 1421 4123 aceepit,

265 4144 323 4191 dene
334 4143 426 4199 utitur,
437 4141 533 4190 ideireo
542 4142 574 4200 ie,
588 4142 633 4202 qui
645 4141 724 4198 dedit,
735 4142 816 4189 amice
830 4141 908 4189 dedit.
941 4139 1090 4202 Iniustitiae
1101 4147 1193 4196 autem,
1205 4141 1423 4204 intemperantiae,

266 4225 414 4275 timiditatis
436 4238 502 4287 quae
522 4225 617 4273 ceruina
639 4231 727 4284 errent,
750 4226 772 4272 ei
796 4225 835 4273 iria
854 4225 928 4273 vitiis
946 4225 1015 4273 ratio
1032 4237 1082 4272 nan
1103 4225 1230 4273 anteneri
1270 4226 1339 4286 Quae
1358 4229 1426 4277 enim

265 4309 354 4366 liuida
370 4321 435 4370 quae
452 4307 575 4366 ovantia,
594 4305 661 4368 quad
671 4305 777 4368 sueinus
794 4311 841 4354 nat
857 4306 996 4368 meipirar
1014 4305 1066 4354 uiri
1085 4305 1190 4354 consilia
1210 4313 1285 4369 capto
1304 4315 1351 4356 aut
1369 4311 1425 4360 sine

265 4393 345 4455 animi
359 4396 427 4439 motu
441 4397 467 4438 et
483 4389 643 4451 cogitatione,
661 4388 690 4436 id
706 4389 865 4446 estuatione,
878 4388 1028 4452 perficitur?
1068 4388 1135 4452 Nam
1154 4390 1234 4438 omnir
1251 4390 1337 4452 opinio
1357 4393 1426 4448 ratic
