3125 4942
273 427 314 489 16
656 440 703 488 ns
727 439 870 490 nurum
891 440 1045 491 pronun.

271 586 483 674 lampades'
514 589 655 665 fuerunt,
684 597 723 652 ut
755 589 803 652 ait
826 588 951 666 Accius,
979 589 1034 653 ‘in
1060 589 1212 654 domum
1236 596 1427 654 aeternam

271 691 411 776 patris'
434 715 474 755 ex
495 691 550 755 illo
565 691 678 756 ardore
699 693 884 777 pervenerit
894 718 902 772 ;
927 714 1024 778 quem
1040 700 1150 758 tamen
1165 693 1327 757 Homerus
1342 692 1428 778 apud

270 793 387 858 inferos
410 793 574 858 conveniri
595 793 674 857 facit
695 793 737 857 ab
759 793 868 870 Ulixe,
889 794 973 859 sicut
997 804 1127 871 ceteros,
1148 794 1205 880 qui
1228 803 1429 860 excesserant

217 902 257 960 42
272 895 349 960 vita.
395 896 609 981 Quamquam,
629 918 727 981 quern
748 897 955 981 potissimum
979 898 1155 962 Herculem
1178 899 1328 974 colamus
1349 897 1428 962 scire
1544 921 1549 986 ‘,

270 1022 348 1064 sane
373 999 620 1085 velim;·plures
639 999 727 1063 enim
750 1001 885 1066 tradunt
906 1001 998 1066 nobis
1022 1002 1054 1080 ii,
1075 1003 1132 1088 qui
1154 1002 1322 1067 interiores
1342 1023 1427 1066 scru-
1462 1023 1476 1082 5
1548 1015 1549 1018 ’

270 1110 383 1169 tantur
406 1112 443 1169 'et
467 1104 647 1168 reconditas
670 1103 813 1169 litteras:
837 1105 1100 1190 antiquissimum
1124 1107 1207 1171 Jove
1225 1113 1349 1183 natum,
1371 1107 1426 1171 sed

269 1207 351 1277 item
372 1209 456 1273 Jove
478 1208 722 1293 antiquissim03
745 1210 837 1292 (narn
856 1210 957 1274 'Joves
978 1232 1107 1294 quoque
1129 1211 1238 1296 plures
1259 1210 1294 1274 in
1316 1209 1427 1294 priscis

270 1309 465 1375 Graecorum
480 1309 599 1375 litteris
618 1310 834 1390 invenimus)';
861 1334 901 1375 ex
924 1334 961 1376 eo
981 1312 1081 1396 igitur
1101 1321 1135 1376 et
1156 1311 1309 1398 Lysithoe]
1330 1312 1426 1376 estis

270 1414 437 1493 Hercules,
464 1438 561 1500 quern
587 1415 819 1480 concertavisse
843 1437 918 1480 curn
945 1416 1097 1502 Apolline
1123 1416 1163 1480 de
1187 1416 1312 1503 tripode
1338 1437 1426 1480 acce·

269 1519 386 1604 pimus.
429 1521 525 1584 Alter
538 1518 678 1584 traditur
692 1519 771 1585 Nilo
786 1528 883 1584 natus
897 1521 1088 1608 Aegyptius,
1105 1544 1202 1607 quern
1217 1523 1310 1586 aiunt
1326 1521 1426 1606 Phry·
1442 1538 1477 1578 10

268 1623 338 1708 gias
362 1623 488 1687 litteras
514 1621 744 1706 conscripsisse.
791 1623 920 1688 Tertius
946 1632 996 1688 est
1022 1645 1062 1688 ex
1092 1624 1198 1688 Idaeis
1222 1624 1351 1708 Digitis,
1375 1623 1428 1687 cui

269 1726 400 1789 inferias
423 1725 562 1789 afferunt
585 1724 649 1789 Coi.
695 1725 840 1804 Quartus
866 1726 958 1790 Jovis
982 1733 1031 1790 est
1054 1735 1083 1791 et
1104 1725 1262 1803 Asteriae,
1285 1729 1428 1792 Latonae

269 1830 393 1905 sororis,
420 1829 478 1915 qui
503 1829 581 1914 Tyri
610 1829 750 1894 maxime
780 1829 906 1907 colitur,
936 1829 1028 1915 cujus
1059 1829 1297 1915 Karthaginem
1326 1831 1425 1894 filiam

270 1933 388 1999 lemnt.
432 1933 575 2014 Quintus
600 1932 635 1997 in
662 1933 765 2008 India,
790 1932 847 2018 qui
873 1933 973 1997 Belus
995 1933 1123 1997 dicitur.
1169 1932 1290 1997 Sextus
1314 1933 1366 1998 hic
1387 1957 1426 1998 ex

270 2038 436 2116 Alcmena,
452 2061 551 2124 quem
566 2038 590 2103 J
592 2037 721 2124 uppiter
735 2038 860 2122 genuit,
877 2038 933 2102 sed
949 2037 1067 2102 tertius
1087 2038 1248 2123 Juppiter‚
1265 2037 1427 2124 quoniam,
1445 2063 1478 2122 15

270 2151 309 2206 ut
326 2142 396 2227 jam
411 2142 541 2219 docebo,
557 2141 666 2227 plures
681 2141 704 2206 J
705 2163 780 2205 oves
795 2140 896 2205 etiam
912 2141 1101 2227 accepimus.

220 2244 257 2302 53
336 2247 428 2312 XXI.
472 2247 628 2310 Dicamus
642 2245 750 2331 igitur,
767 2245 879 2323 Balbe,
894 2253 1021 2331 oportet
1037 2254 1147 2310 contra
1161 2246 1232 2310 illos
1247 2247 1356 2324 etiam,
1371 2246 1427 2332 qui

269 2353 329 2416 hos
348 2353 424 2417 deos
445 2376 484 2417 ex
506 2351 676 2416 hominum
697 2374 815 2437 genere
836 2351 870 2415 in
888 2352 1014 2416 caelum
1033 2352 1204 2416 translatos
1224 2374 1288 2416 non
1308 2373 1350 2428 re,
1371 2351 1431 2424 sed¹

270 2455 421 2540 opinione
436 2478 505 2519 esse
520 2454 643 2531 dicunt,
658 2477 738 2540 quos
753 2463 891 2542 auguste
907 2478 1018 2520 omnes
1034 2463 1208 2541 sancteque
1227 2477 1425 2520 veneramur.

270 2557 433 2642 Principio
451 2558 474 2623 J
476 2579 551 2621 oves
571 2566 638 2622 tres
657 2566 831 2622 numerant
853 2558 885 2635 ii,
906 2558 964 2644 qui
985 2558 1128 2644 theologi
1148 2558 1367 2635 nominantur,
1387 2579 1425 2622 ex
1444 2579 1484 2616 20

270 2661 388 2748 quibus
410 2660 552 2746 primum
575 2668 609 2723 et
630 2660 810 2724 secundum
832 2669 926 2725 natos
948 2661 982 2724 in
1005 2660 1153 2737 Arcadia,
1175 2661 1311 2725 altemnr
1336 2671 1427 2746 patre

270 2765 422 2839 Aethere,
439 2788 478 2829 ex
500 2787 565 2849 quo
584 2764 685 2828 etiam
703 2764 927 2850 Proserpinam
948 2775 1061 2830 natam
1082 2767 1190 2830 ferunt
1209 2773 1243 2830 et
1266 2765 1428 2842 Liberum,

270 2872 409 2935 alterum
424 2878 516 2955 patre
532 2869 639 2947 Caele,
654 2868 711 2956 qui
725 2871 875 2955 genuisse
891 2870 1073 2935 Minervam
1088 2869 1215 2949 dicitur,
1227 2892 1325 2955 quarn
1340 2868 1428 2955 prin-

271 2974 376 3058 cipem
396 2981 431 3037 ct
450 2972 664 3037 inventricem
683 2973 761 3038 belli
781 2973 900 3050 ferunt,
918 2973 1053 3038 tertium
1075 2972 1272 3050 Cretensem,
1294 2973 1427 3038 Saturni

270 3077 384 3154 filium,
406 3076 499 3162 cujus
520 3077 555 3140 in
577 3076 635 3141 illa
656 3077 762 3141 insula
785 3078 967 3163 sepulcrum
992 3078 1181 3143 ostenditur.
1227 3077 1428 3164 Διόσκουροι
1445 3099 1461 3136 2
1466 3096 1482 3155 5

270 3179 371 3244 etiam
394 3179 480 3265 apud
504 3178 618 3244 Graios
641 3180 754 3244 multis
776 3178 880 3245 modis
903 3180 1130 3246 nominantur:
1151 3178 1248 3264 primi
1273 3189 1348 3257 trae,
1369 3179 1428 3265 qui

321 3370 335 3417 1
347 3369 447 3432 fuerim
463 3368 556 3417 BOEV
567 3369 626 3418 Oxs.
642 3373 688 3419 Bu
703 3369 763 3420 Seh.
776 3370 840 3430 Mu..
853 3371 960 3432 fueruat
976 3370 1018 3420 Ao
1030 3370 1074 3420 Or.
1085 3370 1134 3420 Ba.
1152 3368 1265 3432 (printed
1281 3383 1310 3418 as
1326 3370 1385 3430 part
1402 3367 1432 3418 of

270 3451 408 3513 quotation
429 3449 464 3512 by
482 3448 540 3498 edd.
574 3449 587 3497 I
609 3448 675 3498 have
696 3449 816 3500 followed
837 3449 971 3512 Ribbeck).
1070 3458 1198 3500 ostentam
1220 3463 1268 3498 uss
1289 3448 1429 3511 generally,
1507 3451 1510 3456 '
1548 3469 1549 3478 ¹

270 3534 408 3582 aetheriam
419 3530 450 3579 A.
564 3531 653 3580 Avito
669 3547 822 3594 quamquam
839 3531 990 3595 [Bcnvpro
1008 3529 1071 3598 (und
1087 3529 1151 3580 with
1169 3537 1195 3579 ta
1212 3530 1240 3579 in
1256 3531 1320 3593 ras.)
1333 3529 1363 3586 A,
1383 3532 1430 3578 vla

270 3629 364 3676 aureum
380 3628 455 3676 quam
473 3611 501 3673 P,
520 3613 565 3660 eia·
582 3614 694 3675 aliquem
710 3617 740 3672 Η,
755 3613 834 3674 juata
851 3628 943 3674 aquam
960 3617 989 3662 ll.
1108 3614 1123 3660 Β
1140 3613 1263 3675 Lysithoe
1282 3609 1338 3661 odd.
1360 3611 1430 3660 alter

270 3695 388 3752 Cranaen,
408 3694 502 3756 lysitho
512 3691 543 3751 B,
562 3694 639 3756 lysito
649 3692 765 3753 AOPVB,
786 3694 855 3742 llaito
871 3694 893 3740 Ε
907 3693 963 3744 Oxl.
978 3697 1064 3746 ΠΗ.
1196 3695 1211 3743 9
1228 3693 1351 3742 Hercules
1367 3691 1426 3743 011.

270 3774 399 3839 [BOPV²],
417 3775 536 3822 Herculis
548 3774 611 3824 AV.
712 3775 744 3821 12
762 3776 818 3824 Col.
837 3776 948 3835 Quartae
965 3775 1020 3825 Jao.
1035 3775 1148 3824 Gronov.
1162 3773 1210 3824 Ba.
1223 3773 1295 3836 prob.
1307 3774 1373 3832 Mn,
1385 3777 1429 3824 cui

271 3863 375 3918 quartus
392 3855 416 3902 X
427 3854 485 3904 Oxf.
499 3859 584 3912 ⁸114,
601 3861 706 3916 suanus
722 3859 810 3905 mv
827 3857 870 3905 Or.
889 3855 958 3918 Sch,
979 3859 1071 3906 Cretes.
1094 3857 1206 3918 Quartus
1223 3856 1288 3905 Dav.
1404 3863 1429 3905 et

271 3939 385 3987 Asteriae
396 3941 433 3986 00
444 3935 502 3985 edd.
514 3936 581 3985 alter
592 3936 698 3998 Heind,
711 3940 821 3987 arteriae
833 3951 883 3987 uss
892 3937 1032 4000 generally.
1119 3938 1150 3987 13
1164 3939 1350 3999 Karttape'uem
1362 3937 1428 4002 [BP]

272 4018 329 4068 Oxi.
341 4023 373 4076 Η,
387 4018 566 4079 Ocrttopiaem
575 4018 606 4075 A,
624 4019 786 4080 Cartapr'uem
797 4019 900 4077 CVM.
916 4022 1083 4081 Kurtupiaem
1095 4019 1117 4067 E
1130 4019 1221 4082 (below
1231 4023 1244 4080 ς
1256 4020 1288 4070 91
1299 4022 1427 4082 Karttcp.

271 4100 342 4163 [OP],
365 4101 486 4160 Carttap.
506 4099 583 4160 ABV,
601 4101 708 4162 Kartap.
729 4100 772 4162 Ε).
876 4101 906 4150 16
923 4104 1063 4163 accepimus
1082 4100 1183 4163 [OEJW
1202 4100 1269 4160 on..
1290 4103 1429 4164 accipimus

270 4179 371 4231 ΑΒΡῩι
388 4179 431 4244 (ct.
447 4184 461 4243 g
477 4179 528 4246 47).
635 4181 665 4232 17
680 4183 793 4231 dicam
810 4185 824 4242 ξ
841 4183 1061 4232 53-revertamur
1078 4185 1091 4243 5
1107 4183 1139 4232 60
1155 4181 1308 4243 transposed
1325 4181 1360 4244 by
1376 4182 1428 4232 Ed.

271 4277 313 4312 see
329 4261 430 4312 Oomm.
513 4263 545 4310 18
562 4263 604 4312 tor
615 4275 672 4324 uss,
691 4278 731 4312 eor
743 4263 786 4313 Or.
799 4263 846 4314 Ba.
929 4265 961 4313 20
977 4266 999 4313 ii
1012 4263 1133 4328 [lenm.
1146 4265 1174 4332 lp·
1189 4263 1241 4313 ΒΡ.
1324 4265 1356 4314 25
1373 4263 1427 4314 Aul-

271 4364 375 4409 σκουροι,
393 4347 530 4395 Dioscoroe
544 4349 574 4404 B,
591 4347 717 4396 dieacoure
734 4352 760 4408 ο,
780 4349 905 4397 dioscoros
922 4348 1012 4408 Avlbt,
1035 4349 1156 4398 dioscoree
1174 4346 1355 4405 cnv1s0xr,
1373 4348 1428 4396 dio-

269 4441 351 4476 scoree
362 4425 395 4475 13¹
408 4425 457 4491 (ue
468 4425 521 4490 13²),
535 4427 673 4476 dioscoride
685 4425 708 4476 V
719 4441 811 4488 marg„
821 4429 976 4477 dioscorides
988 4427 1079 4478 PHLV.
