3125 4942
277 391 296 452 2
659 404 706 452 rm
728 403 870 452 narum
892 404 1046 452 osonum

275 547 405 613 videtur
419 547 561 634 satisque
576 555 701 633 putare,
712 547 740 611 si
752 546 872 611 dixerit
883 568 952 611 esse
963 545 1126 631 quandam
1138 545 1269 610 beatam
1280 552 1432 609 naturam

244 661 309 720 4et
339 659 513 718 aeternam.
565 653 598 716 A
628 649 731 716 Balbo
760 659 872 715 autem
902 649 1169 728 animadvertisti,
1199 648 1302 722 credo,
1333 669 1432 732 quarn

275 755 381 820 multa
406 756 494 821 dicta
519 754 585 820 sint
611 776 783 840 quamque,
807 753 907 818 etiam
930 753 958 818 si
983 753 1090 818 minus
1115 775 1199 829 vera,
1221 761 1333 816 tamen
1355 758 1434 834 apta

275 858 362 924 inter
375 880 410 923 se
425 866 459 923 et
473 858 685 923 cohaerentia„
719 857 838 941 Itaque
853 857 966 942 cogito,
977 865 1016 921 ut
1030 857 1108 935 dixi,
1123 879 1188 922 non
1203 867 1272 922 tam
1287 855 1433 920 refellere

275 959 347 1045 ejus
361 960 537 1024 orationem
553 981 652 1044 quam
667 981 713 1037 aa,
724 981 810 1044 quae
824 959 932 1024 minus
943 959 1100 1037 intellexi,
1112 959 1286 1044 requirere.
1316 958 1432 1036 Quare,
1468 977 1486 1036 5

276 1061 387 1140 Balbe,
403 1062 465 1126 tibi
483 1061 646 1147 permitto,
661 1061 894 1146 responderene
910 1061 990 1124 mihi
1011 1061 1106 1126 malis
1124 1061 1164 1125 de
1182 1061 1318 1146 singulis
1335 1060 1432 1125 rebus

276 1167 446 1252 quaerenti
469 1189 509 1231 ex
536 1175 569 1232 te
593 1189 640 1244 ea,
665 1188 748 1251 quae
771 1188 887 1251 parum
910 1166 1027 1251 accepi,
1049 1189 1092 1230 an
1114 1165 1297 1230 universam
1320 1164 1432 1229 audire

276 1270 454 1334 orationem
476 1291 591 1335 meam.
636 1269 721 1333 Tum
744 1267 887 1334 Balbus:
914 1269 983 1354 Ego
1006 1291 1090 1346 vero,
1112 1269 1139 1333 si
1162 1268 1242 1354 quid
1265 1267 1432 1354 explanari

276 1371 338 1436 tihi
352 1372 448 1449 voles,
462 1369 655 1457 respondere
669 1371 773 1451 malo;
795 1371 845 1434 sin
860 1393 913 1434 me
928 1371 1125 1457 interrogare
1140 1394 1206 1435 non
1221 1379 1289 1436 tam
1303 1371 1431 1435 intelle-

275 1475 374 1560 gendi
388 1497 485 1540 causa
498 1497 596 1560 quarn
611 1473 788 1551 refellendi,
800 1482 912 1538 utrum
926 1474 1023 1552 voles,
1036 1475 1162 1552 faciam,
1172 1474 1224 1539 vel
1240 1474 1280 1539 ad
1295 1473 1433 1559 singula,
1449 1492 1488 1530 10

277 1600 360 1663 quae
375 1579 526 1665 requires,
539 1578 652 1643 statim
672 1578 872 1664 respondebo
892 1579 954 1658 vel,
975 1600 1050 1642 cum
1070 1578 1235 1664 peroraris,
1255 1577 1432 1643 adomnia.

246 1682 361 1748 5Tum
381 1682 487 1760 Cotta,
502 1682 642 1768 Optime,
658 1681 773 1767 inquit
818 1682 925 1762 Quam
945 1681 1073 1746 obrem
1093 1681 1139 1746 sic
1158 1703 1300 1766 agamus,
1316 1689 1355 1745 ut
1375 1703 1433 1744 nos

276 1785 347 1870 ipsa
371 1785 468 1850 ducet
494 1785 604 1850 oratio.
651 1785 696 1850 ΙΙ.
741 1784 808 1850 Sed
830 1793 907 1850 ante
933 1807 1031 1870 quam
1054 1784 1095 1849 de
1117 1807 1161 1862 re,
1183 1806 1285 1869 pauca
1306 1783 1348 1848 de
1370 1805 1432 1848 me.

276 1889 353 1954 Non
379 1890 467 1953 eninr
492 1888 697 1953 mediocriter
721 1910 852 1953 moveor
875 1888 1068 1953 auctoritate
1090 1894 1157 1966 tua,
1181 1887 1292 1966 Balbe,
1314 1887 1432 1950 oratio·

275 2011 381 2074 neque
400 2010 448 2066 ea,
467 2010 551 2073 quae
573 2011 626 2052 me
648 1987 683 2052 in
700 1987 879 2073 perorando
902 1987 1137 2064 cohortabatur,
1156 1997 1194 2052 ut
1214 1986 1431 2051 meminissem
1450 2007 1486 2065 15

275 2113 328 2156 me
350 2099 384 2156 et
407 2090 538 2156 Cottam
560 2111 629 2155 esse
652 2097 686 2154 et
706 2089 915 2175 pontificem
938 2090 1025 2174 quod
1044 2111 1090 2168 eo,
1110 2090 1213 2166 credo,
1234 2089 1371 2167 valebat,
1393 2099 1432 2153 ut

275 2193 451 2280 opiniones,
475 2215 556 2279 quas
585 2215 606 2256 a
634 2193 811 2279 majoribus
836 2193 1018 2278 accepimus
1043 2193 1084 2258 de
1107 2193 1158 2258 dis
1184 2193 1431 2270 immortalibus,

276 2320 371 2376 sacra,
401 2297 610 2363 caerimonias
638 2296 873 2381 religionesque
903 2296 1120 2364 defenderem.
1174 2297 1243 2381 Ego
1272 2319 1347 2361 vero
1377 2320 1432 2362 eas

276 2401 450 2467 defendam
472 2424 599 2487 semper
620 2424 811 2487 semperque
834 2401 974 2478 defendi,
993 2424 1052 2466 nec
1074 2423 1127 2466 me
1149 2423 1190 2465 ex
1213 2421 1252 2465 ea
1273 2401 1432 2487 opinione,

276 2528 376 2591 quam
390 2527 410 2569 a
425 2505 602 2590 majoribus
619 2505 729 2590 accepi
748 2505 789 2570 de
808 2505 897 2571 cultu
919 2505 1053 2569 deorum
1076 2505 1318 2583 immortalium,
1332 2505 1432 2570 ullius
1451 2527 1489 2564 20

275 2631 433 2694 umquam
454 2609 557 2674 oratio
580 2618 639 2674 aut
665 2609 752 2674 docti
778 2617 837 2674 aut
860 2609 982 2674 indocti
1008 2609 1160 2676 movebit.
1205 2610 1271 2675 Sed
1293 2631 1367 2674 cum
1391 2609 1432 2674 de

275 2711 429 2798 religione
444 2710 563 2797 agitur,
578 2711 628 2777 Ti.
661 2711 911 2790 Coruncanium,
926 2711 960 2776 P.
974 2711 1170 2798 Scipionem,
1187 2712 1220 2778 P.
1234 2712 1434 2791 Scaevolam,
1470 2784 1475 2798 ι

274 2814 443 2900 pontifices
458 2813 624 2891 maximos,
639 2836 705 2878 non
724 2813 889 2878 Zenonem
908 2822 967 2879 aut
990 2813 1182 2880 Cleanthem
1203 2823 1261 2880 aut
1279 2814 1432 2900 Chrysip-

276 2941 356 3005 pum
392 2941 515 3004 aequor,
555 2918 724 3004 habeoque
762 2918 799 2985 C.
838 2919 995 2995 Laelium,
1034 2941 1190 3006 augurem
1227 2919 1432 3004 eundemque

276 3024 466 3109 sapientem,
494 3045 593 3110 quem
627 3023 737 3109 potius
771 3022 904 3088 audiam
941 3022 1104 3088 dicentem
1133 3023 1174 3088 de
1204 3023 1360 3110 religione
1396 3023 1430 3086 in
1450 3041 1487 3099 25

275 3129 333 3192 illa
362 3109 504 3194 oratione
534 3127 636 3192 nobili
668 3150 768 3213 quam
801 3150 999 3214 quemquam
1028 3128 1207 3214 principem
1240 3127 1431 3194 Stoicorum.
1543 3191 1548 3214 ,

275 3231 426 3317 Cumque
451 3231 556 3296 omnis
581 3231 693 3317 populi
715 3231 854 3296 Romani
873 3231 985 3316 religio
1007 3231 1043 3294 in
1067 3253 1156 3296 sacra
1179 3239 1214 3294 et
1234 3231 1269 3294 in
1289 3231 1433 3316 auspicia

275 3336 379 3402 divisa
398 3335 450 3414 sit,
467 3336 604 3401 tertium
621 3336 814 3421 adjunctum
830 3335 881 3414 sit,
896 3335 924 3400 si
939 3335 1017 3420 quid
1034 3335 1262 3422 praedictionis
1278 3357 1374 3401 causa
1391 3359 1432 3401 ex

275 3439 434 3525 portentis
457 3448 491 3504 et
514 3439 666 3505 monstris
686 3439 830 3522 Sibyllae
852 3439 1047 3526 interpretes
1069 3439 1295 3525 haruspicesve
1318 3461 1434 3504 monu-

275 3552 379 3623 erunt,
400 3546 516 3610 harum
536 3567 596 3632 ego
618 3544 812 3629 religionum
834 3543 959 3608 nullam
981 3565 1137 3628 umquam
1160 3543 1433 3610 contemnendam
1448 3565 1489 3620 30

275 3651 389 3736 putavi
403 3650 550 3737 mihique
564 3650 612 3716 ita
626 3650 779 3738 persuasi,
795 3649 973 3715 Romulum
993 3649 1154 3736 auspiciis,
1170 3649 1317 3714 Numam
1335 3649 1434 3714 sacris

324 3901 340 3950 '1
352 3914 446 3962 porum
455 3899 524 3962 Bm,
538 3915 647 3963 parvom
657 3901 744 3960 ΔΕΨ,
758 3917 842 3964 parua
854 3901 908 3951 ΟΨ
920 3901 978 3954 011.
994 3907 1053 3957 34.
1145 3903 1230 3964 accept
1247 3901 1360 3964 [BCEV]
1371 3901 1430 3953 Orf.

274 3982 342 4043 Asa,
361 3984 447 4044 accipe
465 3981 496 4042 A,
515 3984 571 4045 cepi
589 3997 619 4031 or
631 3985 734 4046 percepi
750 3983 837 4034 Madv.
1007 3987 1022 4035 9
1037 3987 1080 4034 ato
1096 3983 1233 4047 [ACE]BO‚
1249 3985 1273 4032 εἰ
1290 3982 1355 4033 Bvc
1372 3982 1430 4034 011

275 4063 307 4111 le
323 4062 397 4111 ducat
408 4060 465 4112 edd.
478 4061 545 4111 alter
555 4061 661 4121 Heind„
677 4064 749 4112 ducit
760 4077 818 4113 uss.
934 4065 966 4112 22
985 4066 1024 4114 Τι’.
1037 4063 1094 4114 edd.
1109 4063 1176 4114 after
1189 4063 1301 4124 Manat,
1316 4070 1334 4113 t.
1347 4061 1430 4125 A¹B0,

275 4152 334 4195 rum
351 4141 383 4202 Ε,
401 4156 452 4192 om.
469 4142 547 4192 A¹CV
561 4142 629 4195 Mus.
732 4145 920 4195 Coruncanium
938 4144 1164 4208 [BoE1v2n0m
1180 4145 1354 4194 Cormrcomrm
1369 4143 1429 4206 ΨΟ,

274 4241 378 4289 quorum
394 4227 496 4276 conium
512 4227 561 4276 ΔΒ.
703 4228 735 4276 24
753 4230 782 4277 0.
802 4230 920 4278 Laelium
936 4228 1019 4290 BEN,
1043 4231 1145 4280 cleliam
1162 4227 1226 4288 ΔΨ,
1247 4229 1340 4277 delium
1360 4227 1429 4288 om,

277 4310 305 4358 0.
317 4309 418 4358 Latium
427 4306 510 4366 V¹0V,
526 4309 631 4370 cleliam
644 4313 672 4366 B,
688 4311 775 4360 lelium
791 4309 811 4360 G
828 4309 905 4372 (alter
922 4310 1012 4361 erased
1026 4309 1120 4374 latter).
1237 4310 1269 4359 30
1284 4324 1329 4372 epo
1339 4307 1432 4359 Avrro

275 4387 334 4439 oxr.
345 4388 412 4449 Asc..
424 4405 481 4451 crgo
491 4388 587 4448 Bous,
600 4404 642 4440 aaa
652 4405 677 4453 p.
691 4391 706 4439 3
718 4389 737 4439 l.
749 4392 774 4440 4.
