3125 4942
304 443 370 491 nm
386 442 428 490 nr
450 441 523 491 css.
539 442 599 503 xx,
615 441 715 502 xxrv,
731 441 807 489 xxv
831 424 871 510 §§
886 428 937 502 51,
954 427 1004 502 52,
1020 427 1159 491 61-64.
1270 428 1309 490 25

151 590 208 656 scd
239 590 339 656 etiam
369 588 468 654 fuisse
497 587 661 675 sapientes
690 586 870 653 videantur.
923 587 964 650 In
994 587 1171 652 enodandis
1200 594 1312 652 autem

151 694 347 768 nominibus,
364 693 451 779 quod
471 691 693 758 miserandum
714 691 766 769 sit,
787 690 949 757 laboratis.
995 691 1165 770 Saturnus,
1182 691 1259 778 quia
1279 713 1313 758 se

152 807 277 865 saturat
292 799 396 876 annis,
409 797 548 874 Mavors,
568 796 646 882 quia
663 819 783 882 magna
798 796 906 872 vertit,
925 795 1080 873 Minerva,
1096 796 1173 882 quia
1192 797 1314 861 minuit

10 907 21 948 l
152 909 212 966 aut
226 901 305 987 quia
318 900 473 977 minatur,
488 900 610 976 Venus,
627 897 705 984 quia
719 898 813 964 venit
827 899 868 963 ad
884 898 1002 978 omnia,
1016 897 1113 964 Ceres
1129 921 1148 963 a
1162 899 1311 984 gerendo.

117 1021 136 1083 s
151 1005 258 1086 Quam
273 1004 452 1091 periculosa
462 1002 680 1068 consuetudo!
711 1003 752 1066 In
768 1003 882 1068 multis
897 1004 984 1069 enim
1002 1003 1186 1068 nominibus
1201 1003 1313 1068 haere·

151 1108 237 1174 bitis.
275 1107 363 1188 Quid
380 1107 496 1193 Vejovi
515 1106 622 1183 facies,
643 1105 722 1192 quid
738 1107 909 1173 Vulcano?
930 1130 1139 1194 quamquam,
1159 1108 1313 1194 quoniam

151 1212 349 1297 Neptunum
364 1234 385 1276 a
399 1209 506 1275 nando
520 1210 722 1295 appellatum
741 1218 848 1295 putas,
862 1210 990 1276 nullum
1006 1210 1068 1277 erit
1084 1233 1211 1290 nomen,
1227 1213 1312 1297 quod

151 1337 219 1380 non
232 1315 335 1401 possis
347 1335 414 1379 una
428 1314 539 1380 littera
553 1312 715 1398 explicare
728 1313 815 1378 unde
828 1313 962 1379 ductum
974 1314 1036 1394 sit;
1058 1317 1093 1379 in
1105 1337 1169 1401 quo
1181 1316 1313 1400 quidem

152 1417 257 1502 magis
271 1425 310 1482 tu
325 1417 407 1481 mihi
426 1425 540 1482 natare
555 1417 644 1481 visus
664 1438 698 1481 es
718 1439 818 1502 quam
841 1418 911 1502 ipse
928 1418 1112 1503 Neptunus.
1158 1418 1313 1505 Magnam
1328 1421 1366 1481 68

102 1545 139 1583 ιο
152 1519 335 1586 molestiam
356 1519 498 1604 suscepit
519 1528 554 1584 et
575 1519 712 1584 minime
733 1520 945 1585 necessariam
971 1521 1095 1606 primus
1121 1522 1218 1599 Zeno,
1240 1531 1314 1608 post

153 1622 340 1700 Cleanthes,
356 1621 473 1687 deinde
491 1621 702 1707 Chrysippus,
717 1623 1018 1688 commenticiarum
1038 1625 1222 1690 fabularum
1241 1626 1313 1692 red-

152 1726 229 1791 dere
248 1727 416 1804 rationem,
432 1726 730 1812 vocabulorumque,
746 1749 804 1791 cur
822 1727 961 1813 quicque
977 1727 1025 1794 ita
1040 1729 1241 1814 appellatum
1260 1731 1312 1809 sit,

152 1852 265 1896 causes
284 1831 453 1917 explicare.
499 1828 594 1909 Quod
614 1851 688 1894 cum
703 1829 818 1906 facitis,
835 1831 916 1895 illud
940 1833 1082 1916 profecto
1104 1831 1313 1912 confitemini,

8 2012 12 2032 „
151 1934 247 2020 longe
258 1934 355 1999 aliter
368 1956 403 1999 se
417 1956 485 1999 rem
501 1933 630 2010 habere,
643 1942 741 2018 atque
756 1933 928 1999 hominum
944 1934 1052 2028 opinio
1066 1935 1129 2016 sit3
1151 1959 1205 2001 eos
1216 1937 1313 2015 enim,

7 2043 11 2095 l
100 2053 137 2115 15
152 2037 210 2121 qui
233 2037 267 2100 di
293 2036 509 2122 appellantur,
534 2057 640 2099 rerum
668 2043 803 2100 naturas
829 2057 910 2113 esse,
933 2058 999 2099 non
1025 2036 1144 2123 figuras
1170 2038 1312 2103 deorum.

6 2138 7 2227 l
152 2140 258 2204 XXV.
297 2139 364 2220 Qui
385 2149 499 2206 tantus
520 2161 608 2204 error
629 2140 703 2216 fuit,
728 2148 766 2205 ut
792 2140 978 2224 perniciosis
1003 2143 1103 2207 etiam
1129 2142 1225 2208 rebus
1247 2165 1313 2207 non

6 2232 7 2235 Ἴ
152 2246 246 2313 modo
261 2269 380 2314 nomen
397 2245 532 2310 deorum
551 2243 760 2321 tribueretur,
774 2244 831 2308 sed
852 2244 953 2310 etiam
972 2267 1060 2310 sacra
1080 2247 1313 2313 constitueren-

5 2344 9 2473 y
153 2358 216 2415 tur.
245 2349 359 2415 Febris
373 2349 462 2415 enim
478 2349 588 2412 fanum
605 2347 639 2412 in
656 2347 783 2413 Palatio
799 2357 834 2413 et
851 2347 993 2415 Orbouoe
1007 2350 1052 2415 acl
1066 2351 1179 2416 aedem
1192 2353 1312 2417 Larum

152 2463 187 2520 et
202 2476 292 2519 arem
308 2452 414 2518 Malae
431 2454 594 2518 Fortunae
610 2453 766 2538 Esquiliis
780 2461 999 2518 consecratam
1011 2454 1165 2520 videmus.
1197 2455 1365 2526 Omnisfl4

4 2570 9 2660 ὁ
99 2579 140 2616 20
153 2559 255 2644 igitur
272 2559 348 2624 talis
368 2581 388 2622 a
407 2556 611 2643 philosophia
630 2556 773 2642 pellatur
794 2579 888 2635 error,
905 2565 950 2634 ut,
967 2579 1041 2621 cum
1057 2558 1097 2623 de
1113 2558 1162 2623 dis
1180 2559 1312 2624 immor-

153 2662 274 2728 talibus
294 2662 506 2749 disputemus‚
521 2661 664 2727 dicamus
685 2661 823 2747 indique
842 2661 972 2726 naturis
993 2661 1249 2745 immortalibus3
1272 2665 1313 2729 de
1332 2697 1346 2714 ν

5 2720 7 2823 i
153 2766 273 2852 quibus
294 2766 398 2830 habeo
420 2766 490 2849 ipse
512 2765 592 2851 quid
615 2765 763 2841 sentiam,
787 2787 852 2829 non
879 2764 982 2829 habeo
1009 2774 1121 2831 autem
1147 2768 1227 2852 quid
1250 2769 1312 2835 tibi

153 2869 319 2936 assentiar.
364 2868 558 2954 Neptunum
575 2891 644 2934 esse
659 2869 740 2934 dicis
754 2869 902 2934 animum
921 2891 995 2933 cum
1014 2869 1241 2957 intellegentia
1255 2895 1314 2958 per

154 2993 243 3037 mare
265 2970 494 3058 pertinentem,
516 2971 604 3036 idem
626 2971 667 3036 de
690 2971 813 3036 Cerere.
859 2971 961 3037 Istam
988 2979 1099 3038 autem
1121 2973 1312 3061 intellegen-

202 3207 218 3255 3
234 3206 321 3267 uertit,
333 3207 412 3255 vorsu
423 3204 483 3255 Scir.
496 3203 638 3256 Bwainson
747 3205 780 3254 12
795 3207 1016 3270 aoeobulommqsu
1028 3211 1046 3256 0
1058 3206 1152 3259 Heind.
1168 3208 1310 3272 Susinson,

153 3286 454 3337 vomhuummussend
464 3286 520 3337 edd.
654 3289 761 3350 quicque
773 3287 827 3350 ua,
845 3289 954 3351 quidque
965 3287 1006 3350 13²,
1025 3291 1117 3352 quique
1128 3289 1313 3342 sucrum

155 3369 242 3421 011.÷
255 3367 315 3420 Soh.
331 3367 475 3429 swainson,
493 3369 600 3431 quisquc
614 3371 685 3419 mo.
802 3370 956 3432 appellatum
965 3371 1000 3418 sit
1012 3369 1150 3432 [ΑΒΟΕ]Β,
1170 3373 1312 3434 appellatus

154 3454 190 3501 su
208 3451 297 3508 Piso,
313 3453 350 3499 sit
368 3452 512 3514 appellatus
528 3455 560 3511 Η,
578 3452 703 3514 appellati
719 3453 772 3500 sisu
789 3455 807 3500 (i
825 3450 884 3502 Sch.
907 3451 1050 3514 Susinsom
1069 3454 1192 3516 appellati
1209 3457 1244 3503 sit
1261 3457 1310 3516 TV,

155 3535 296 3597 appellanti
312 3535 365 3582 unt
381 3532 425 3594 V’,
443 3535 605 3597 appellantur
618 3536 654 3583 sit
670 3533 711 3595 V¹,
725 3535 923 3598 appellantem
936 3537 971 3583 sit
989 3535 1057 3592 Oxi,
1076 3537 1312 3598 appellossiurumie

154 3619 235 3678 siti,
254 3618 399 3680 appellabar
411 3617 478 3666 unde
492 3618 528 3666 sit
543 3621 574 3667 a.
659 3617 690 3668 17
706 3619 774 3666 niodo
792 3615 857 3666 seo.
869 3621 899 3678 ll,
917 3619 996 3667 solum
1007 3623 1033 3678 ο,
1048 3631 1099 3666 om.
1112 3617 1160 3667 uss
1171 3619 1309 3682 generally.

156 3699 188 3749 18
203 3705 229 3748 et
241 3699 354 3748 Orbem
365 3699 401 3747 ad
410 3697 451 3748 ed.
463 3697 563 3748 Bonon.
577 3698 650 3759 1494,
663 3706 687 3748 et
699 3713 756 3761 uss,
770 3698 805 3747 acl
817 3696 959 3757 Swainson,
972 3713 1014 3748 see
1026 3698 1126 3750 Oomm.
1217 3700 1249 3752 19
1264 3703 1312 3750 Es-

155 3781 245 3842 quiliis
260 3779 352 3843 [PJorq
365 3781 488 3842 exquiliis
499 3778 613 3829 ABcEv
625 3779 682 3830 011.
694 3783 790 3830 mio.
880 3783 912 3829 20
928 3797 945 3829 o
954 3781 1117 3844 philosophia
1124 3782 1239 3844 pellatur
1254 3783 1312 3833 015.

155 3865 190 3919 Ι,
202 3877 219 3911 o
227 3863 375 3926 philosophi
386 3878 403 3911 a
411 3865 525 3925 pellatur
533 3861 575 3920 Ψ,
585 3879 601 3911 α
609 3863 767 3925 philosophis
778 3863 924 3924 appellatur
935 3861 977 3923 Vl,
988 3877 1005 3911 o
1013 3863 1159 3926 philosophi
1170 3867 1314 3927 appelhitur

156 3943 238 4002 moa
260 3961 279 3994 o
295 3946 456 4008 philosophis
478 3947 624 4008 appellatur
645 3945 758 3997 Emis
765 3980 772 4006 ,
802 3957 818 3991 a
834 3944 1073 4006 filosofiappellatur
1098 3944 1129 4005 A,
1152 3946 1314 4010 philosophie

155 4031 300 4094 appelletur
315 4027 357 4084 13²,
374 4042 391 4075 a
403 4028 470 4090 phil
490 4029 578 4091 sepeli.
596 4023 692 4076 Heind.
707 4025 814 4088 Kayser.
923 4024 954 4072 21
972 4025 1085 4074 dicamus
1095 4015 1202 4088 indique
1214 4031 1314 4078 naturis

155 4109 200 4159 Or.
210 4108 258 4158 Be.
271 4106 331 4158 Sch.
343 4106 410 4156 after
420 4105 516 4167 Mada,
530 4106 658 4154 dieoliusu
669 4107 755 4166 iprrois
767 4102 874 4166 AGPV¹,
888 4105 968 4152 dicoli
983 4119 1031 4154 usu
1047 4106 1131 4166 ipsuis
1149 4105 1216 4165 ort,
1234 4109 1314 4158 duali

154 4191 313 4254 wiquerii
323 4193 362 4251 m,
381 4191 461 4239 diocli
472 4191 593 4251 uescique
605 4190 644 4238 his
654 4194 683 4251 B,
701 4190 744 4238 dic
755 4190 808 4238 alio
820 4203 867 4237 usu
878 4190 958 4250 ipueis
970 4187 1032 4250 Vll,
1047 4190 1159 4239 dicemus
1170 4192 1272 4252 dipuois
1283 4194 1313 4242 de

154 4273 196 4322 dis
206 4271 237 4333 Ε,
251 4271 366 4320 dicemus
377 4271 456 4332 dique
471 4271 511 4319 dis
526 4269 558 4330 Β,
572 4271 685 4319 dicamus
695 4271 803 4331 indique
814 4271 848 4318 iis
861 4268 915 4318 Mu.
930 4268 1063 4334 (Fleckeia.
1074 4272 1117 4320 «lh.
1130 4271 1195 4322 1⁸64
1205 4286 1231 4334 p.
1244 4272 1311 4339 1⁸5).

155 4353 189 4402 82
204 4353 363 4416 quid-quid
374 4365 432 4410 ress,
449 4351 614 4414 quod-quod
624 4350 681 4400 edd.
694 4352 762 4401 aiter
771 4350 886 4414 Ernesti,
900 4365 943 4401 see
955 4350 1055 4408 Oomm,
1145 4353 1177 4403 23
1188 4369 1237 4427 per
1246 4370 1314 4408 mare

155 4434 279 4502 [BPVA’]
290 4433 359 4493 Oxi,
372 4447 516 4501 peruium
529 4433 594 4499 OE}
605 4433 657 4482 and
668 4433 793 4496 probably
804 4432 846 4500 At
