3125 4942
276 428 295 488 8
655 439 702 487 na
724 440 867 488 neroni
890 441 1045 489 nnonuu.

274 587 399 664 melius,
411 586 489 672 quid
506 586 586 651 dicis
601 586 740 652 melius?
785 587 821 653 Si
836 587 1011 672 pulchrius
1027 587 1202 668 assentior;
1224 587 1251 652 si
1266 588 1375 676 aptius
1390 589 1431 652 ad

273 693 434 759 utilitates
449 700 582 771 nostrae,
597 691 630 756 id
647 714 776 778 quoque
793 692 967 772 assenti0r3
989 691 1039 755 sin
1059 699 1170 756 autern
1190 691 1224 757 id
1244 692 1331 772 dicis,
1348 693 1431 758 nihil

274 818 343 860 esse
363 795 484 860 mundo
504 795 692 880 sapientius,
708 795 799 859 nullo
819 795 914 859 modo
937 817 1066 879 prorsus
1084 795 1248 873 assentior,
1264 819 1330 860 non
1344 797 1430 883 quod

274 895 403 960 difficile
418 895 462 960 sit
480 904 624 960 mentem
641 897 682 960 ab
697 897 798 960 oculis
814 919 972 974 sevocare,
987 897 1043 961 sed
1059 920 1122 982 quo
1137 898 1240 982 magis
1255 919 1375 975 senone,
1392 920 1430 962 eo

274 1002 383 1065 minus
397 1001 440 1078 id,
452 1001 538 1085 quod
553 1009 590 1064 tu
607 1002 664 1077 ris,
677 1023 808 1085 possum
821 1010 931 1066 mente
944 1001 1223 1087 comprehendere.
1254 1003 1312 1068 IX.
1335 1002 1430 1066 Nihil
1466 1023 1483 1081 5

274 1112 324 1168 est
351 1104 473 1168 mundo
499 1104 616 1168 melius
646 1104 682 1168 in
712 1127 822 1169 rerum
848 1113 973 1170 natura.
1027 1105 1081 1168 Ne
1108 1105 1142 1168 in
1171 1105 1264 1170 terris
1298 1105 1430 1190 quidem

273 1205 353 1270 urbe
372 1215 502 1285 nostra3
523 1229 603 1270 num
622 1206 723 1293 igitur
740 1207 858 1272 idcirco
875 1207 910 1270 in
931 1206 1010 1271 urbe
1032 1229 1099 1272 esse
1120 1206 1288 1283 rationem,
1309 1207 1431 1292 cogita-

273 1311 405 1389 tionem,
431 1317 575 1374 mentem
605 1314 723 1394 putes?
753 1318 821 1389 aut,
848 1310 1001 1394 quoniam
1033 1333 1097 1374 non
1127 1310 1179 1386 sit,
1204 1333 1284 1374 num
1314 1310 1430 1375 idcirco

274 1415 440 1479 existimas
454 1413 618 1478 formica-m
635 1413 898 1499 anteponendam
913 1435 982 1478 esse
997 1414 1074 1478 huic
1092 1414 1327 1499 pulcherrimae
1348 1414 1431 1490 urbi,

274 1516 360 1602 quod
374 1517 409 1580 in
424 1517 504 1580 urbe
519 1539 632 1580 sensus
647 1517 690 1580 sit
706 1516 824 1593 nullus
839 1516 874 1579 in
890 1515 1022 1580 formica
1041 1538 1107 1580 non
1128 1516 1222 1580 modo
1239 1537 1359 1594 senene,
1374 1517 1429 1580 sed
1448 1537 1484 1576 ιο

274 1621 374 1685 etiam
394 1641 495 1697 mens,
516 1619 607 1696 ratio,
622 1619 800 1683 memorial
844 1618 964 1683 Videre
982 1625 1118 1703 oportet,
1140 1618 1250 1694 Balbe,
1267 1618 1346 1705 quid
1367 1619 1429 1684 tibi

222 1726 260 1783 22
274 1723 475 1800 concedatur,
505 1744 569 1785 non
599 1728 633 1785 te
662 1721 778 1806 ipsum,
802 1721 889 1806 quod
919 1720 1007 1799 velie,
1030 1743 1166 1786 sumere.
1211 1722 1318 1786 Istum
1341 1723 1429 1786 enim

272 1824 379 1887 locum
404 1831 512 1888 totum
538 1822 594 1886 illa
616 1830 710 1886 vetus
736 1823 874 1886 Zenonis
900 1821 1006 1887 brevis
1032 1833 1075 1900 et,
1097 1831 1135 1887 ut
1161 1823 1222 1886 tibi
1251 1822 1428 1900 videbatur,

272 1937 369 1992 acuta
383 1927 543 1991 conclusio
558 1927 728 2001 dilatatum
743 1951 765 1992 o
779 1926 1005 1993 recenlioribus
1024 1927 1190 1992 coactavit.
1235 1926 1320 1990 Zeno
1341 1927 1427 1990 enim

271 2033 320 2098 ita
343 2033 522 2097 concludit:
551 2032 671 2113 ‘Quod
690 2034 815 2098 ratione
831 2033 954 2116 utitur,
981 2033 1015 2096 id
1042 2031 1158 2097 melius
1183 2040 1232 2096 est
1258 2054 1357 2117 qnam
1384 2033 1428 2108 id,
1446 2051 1482 2112 15

272 2137 357 2220 quod
379 2135 504 2200 ratione
526 2158 591 2199 non
614 2136 738 2215 utitur3
763 2135 846 2200 nihil
868 2145 979 2201 autem
1002 2135 1125 2200 mundo
1146 2135 1281 2216 melius;
1303 2136 1429 2201 ratione

221 2247 259 2305 23
272 2239 373 2324 igitur
392 2239 533 2303 mundus
553 2239 675 2304 utitur!
721 2239 794 2303 Hoc
814 2239 841 2302 si
861 2238 977 2325 placet,
996 2238 1066 2324 jam
1085 2239 1211 2316 efficies,
1230 2248 1268 2304 ut
1288 2238 1429 2302 mundus

272 2341 394 2428 optime
423 2341 544 2405 librum
573 2340 680 2425 legere
708 2341 867 2405 videatur.
913 2341 1051 2405 Zenonis
1082 2341 1169 2405 enim
1198 2340 1343 2424 vestigiis
1368 2339 1429 2406 hoc

271 2444 540 2508 moderationem
560 2443 680 2528 poteris
695 2443 904 2508 concludere:
929 2443 1043 2524 ‘Quod
1059 2443 1240 2509 litteratum
1256 2452 1314 2522 cst,
1328 2443 1362 2508 id
1378 2452 1429 2508 est

271 2549 396 2622 melius,
424 2570 523 2633 quam
550 2548 636 2632 quod
662 2570 728 2612 non
754 2556 804 2612 est
830 2548 1030 2627 litteratum
1059 2548 1142 2612 nihil
1168 2557 1280 2613 autem
1306 2548 1427 2613 mundo
1444 2571 1484 2609 20

271 2655 406 2735 melius;
428 2655 592 2720 htteratus
606 2653 708 2739 igitur
724 2661 773 2718 est
789 2653 947 2718 mundus?
979 2654 1048 2718 Isto
1064 2653 1158 2718 modo
1174 2653 1274 2719 etiam
1290 2653 1428 2718 disertus

271 2768 305 2823 et
325 2757 459 2844 quidem
481 2757 738 2835 mathematicus,
753 2759 903 2836 musicus,
915 2758 1008 2821 omni
1028 2758 1169 2842 denique
1191 2758 1336 2823 doctrina
1355 2782 1428 2825 eru·

271 2861 368 2939 ditus,
391 2868 554 2944 postremo
580 2859 792 2945 philosophus
818 2859 880 2925 erit
905 2859 1056 2924 mundus.
1103 2859 1208 2946 Saepe
1235 2861 1319 2926 dixti
1345 2863 1429 2927 nihil

271 2963 340 3028 fieri
362 2963 427 3028 uiri
448 2985 486 3028 ac
506 2986 551 3040 co,
573 2986 633 3027 nec
654 2963 751 3028 illam
773 2965 840 3028 vim
863 2986 932 3029 esse
956 2973 1101 3043 naturae,
1124 2973 1163 3028 ut
1185 2963 1236 3029 sui
1258 2963 1429 3030 dissimilia

269 3075 377 3153 posset
398 3068 567 3152 effingere3
591 3068 764 3133 concedam
785 3091 850 3133 non
870 3069 964 3134 modo
980 3069 1182 3134 animantem
1198 3077 1231 3135 et
1247 3070 1427 3156 sapientem
1445 3087 1483 3147 25

270 3193 338 3235 esse
354 3171 522 3250 mundum,
535 3170 592 3236 sed
606 3170 771 3236 fidicinem
788 3172 888 3236 etiam
903 3181 938 3236 et
948 3171 1138 3252 tubicinem,
1151 3171 1305 3257 quoniam
1317 3195 1427 3238 earum

320 3377 333 3424 1
351 3378 414 3441 quid
431 3378 496 3427 dicis
513 3379 602 3426 melius
624 3376 789 3439 A‘WBOEL
810 3379 873 3440 quid
896 3379 963 3427 dicer
981 3393 1013 3426 nt.
1031 3377 1106 3438 ETP,
1125 3392 1177 3427 om.
1198 3376 1231 3425 Ψ
1251 3377 1308 3428 Oxi.
1329 3383 1427 3429 unca

270 3459 285 3505 2
301 3458 331 3506 id
342 3473 437 3521 quoquc
449 3457 482 3507 A²
494 3457 532 3519 (in
542 3460 605 3520 ree.)
618 3457 848 3520 [BCEV’]1.0xl.‚
861 3465 890 3506 ut
902 3473 997 3521 quoquc
1009 3458 1073 3507 Pv1.
1172 3460 1187 3506 3
1204 3461 1271 3521 quod
1282 3461 1383 3522 dijyicilc
1395 3459 1428 3508 B*

270 3539 323 3588 and
334 3555 383 3589 uss
394 3540 532 3602 generally,
544 3555 592 3602 quo
603 3542 705 3602 difficile
716 3541 747 3588 Β1
759 3541 806 3591 Ba.
822 3541 885 3602 (Mu.
904 3555 1037 3604 compares
1053 3543 1114 3592 Diu.
1136 3555 1157 3589 11
1175 3541 1222 3591 150
1239 3556 1288 3590 nou
1305 3543 1371 3604 quod
1388 3558 1427 3592 cos

269 3623 377 3670 maxime
389 3629 580 3683 contemnamur,
593 3624 637 3670 ced
652 3623 720 3683 quod
734 3622 861 3682 videnlur,
877 3623 950 3670 Tucc.
962 3635 984 3670 11
998 3621 1031 3672 56
1046 3635 1095 3671 non
1110 3623 1176 3683 quod
1189 3623 1297 3684 doleant,
1310 3623 1354 3671 secl
1365 3626 1428 3686 quio

273 3719 390 3766 ...corpus
402 3704 578 3769 contenditur).
689 3705 721 3753 12
737 3707 801 3753 velis
812 3703 965 3767 [BCEPV²],
984 3706 1058 3754 cellis
1069 3703 1133 3756 ΑΨ.
1243 3705 1274 3754 14
1291 3707 1428 3755 dilatatum

270 3795 287 3828 a
297 3783 476 3829 recentioribus
488 3783 614 3830 coartavit
631 3778 690 3838 Ed,
703 3781 826 3829 dilatuvit
837 3781 904 3829 A¹V2
915 3795 963 3830 use
977 3782 1115 3844 generally,
1128 3784 1280 3832 dilatalacit
1290 3783 1331 3842 A’,
1344 3785 1427 3833 dilata

271 3863 335 3910 lacit
347 3860 388 3920 V¹,
400 3863 522 3910 dilatabit
535 3860 594 3911 son
695 3863 727 3909 22
744 3863 881 3924 etquidem
893 3877 950 3921 uss,
963 3869 1038 3924 atque
1050 3865 1116 3911 idem
1127 3864 1174 3914 Ba.
1187 3863 1247 3914 Seh.
1259 3864 1326 3914 alter
1338 3865 1426 3914 Orelli.

270 3943 302 3990 23
315 3943 432 4004 philosop
444 3941 486 4000 Vl,
497 3944 573 4004 filoso
584 3943 625 4002 Al,
642 3944 805 4005 philosophus
816 3943 892 3992 ΑΨ.
1016 3945 1064 3992 crit
1075 3945 1181 3994 muudus
1193 3943 1216 3993 V
1226 3959 1308 4006 marg.
1323 3945 1379 3994 ead.
1389 3961 1427 3995 m.

270 4023 448 4072 metatoris.
461 4023 527 4084 Mu„
540 4037 592 4072 om.
605 4023 746 4073 XGenno
756 4024 814 4085 Ba,
828 4023 857 4072 in
867 4023 986 4073 brackets
998 4025 1041 4073 Or.
1055 4023 1115 4074 Sch.
1192 4027 1260 4074 dicti
1273 4027 1293 4075 G
1305 4026 1426 4086 Ursinus,

270 4103 328 4151 dixi
340 4116 389 4150 uss
400 4101 536 4164 generally,
549 4104 641 4151 dmisti
652 4103 694 4152 cG
702 4102 766 4153 Red
857 4105 888 4151 24
905 4105 956 4152 nisi
969 4119 999 4166 cc
1011 4119 1038 4154 co
1050 4103 1144 4154 Heind
1156 4104 1242 4155 Madv,
1253 4107 1327 4168 (Ado.
1337 4109 1426 4173 11243)

270 4184 324 4234 Mu.
335 4183 394 4233 Sch.
406 4185 436 4233 in
446 4186 521 4247 App..
532 4188 586 4234 ciue
598 4187 643 4234 deo
654 4201 703 4234 uss
714 4186 845 4249 generally
858 4187 901 4236 Or.
915 4187 975 4236 Soh.
987 4189 1036 4237 Ba.
1130 4190 1203 4237 illam
1213 4188 1318 4238 Walker
1328 4189 1425 4240 Heind.

270 4267 325 4314 Mu.
336 4265 395 4315 Sch.
405 4265 434 4314 in
445 4267 521 4328 App,
532 4268 612 4315 ullo-m
624 4281 671 4316 uss
683 4267 727 4318 Or.
739 4268 786 4318 Ba.
886 4269 918 4319 26
929 4271 1061 4332 fidicinem
1072 4284 1120 4319 uss
1131 4271 1268 4333 generally,
1276 4271 1426 4334 fidiciuccm

270 4348 300 4405 A,
311 4348 461 4409 fidicicncm
472 4346 512 4405 Ψ,
523 4349 674 4410 fiduciorcm
692 4348 760 4407 cxc,
771 4350 907 4412 fidicinam
924 4355 951 4399 0.
1067 4353 1201 4400 tcrblcinem
1217 4351 1307 4400 Anci
1321 4351 1379 4403 Oxi.
1396 4356 1425 4411 B,

271 4430 399 4478 tibicinem
415 4429 544 4490 mvEP,
558 4429 590 4480 ci
606 4431 678 4478 1122.
