3125 4942
271 453 313 514 38
655 469 701 516 nn
724 468 868 517 aarum
890 468 1044 518 nsoaun.

269 612 415 690 laeserat,
429 621 487 677 aut
505 613 562 698 qui
583 622 653 677 erat
667 613 854 678 Archilochi
869 636 963 678 versu
978 614 1175 693 vulneratus,
1190 637 1209 679 a
1227 613 1288 679 deo
1305 613 1429 678 immis-

177 717 180 720 ’
269 738 340 779 sum
365 715 514 792 dolorem,
532 737 598 780 non
619 725 812 800 conceptum
834 738 855 780 a
876 739 909 780 se
932 717 1009 802 ipsc,
1033 717 1238 797 continebat;
1263 739 1331 794 nec,
1353 738 1427 780 eum

268 820 421 906 Aegisthi
444 819 613 885 libidinem
643 828 801 885 anteum
828 820 954 885 Paridis
977 820 1134 900 videmus,
1160 843 1180 885 a
1208 821 1269 886 deo
1299 842 1429 885 causam

269 924 473 1010 requirimus,
487 946 561 989 cum
577 925 690 1010 culpae
706 947 810 1010 paene
826 946 937 989 vocem
952 924 1141 1007 audiamus;
1161 949 1220 992 nec
1235 947 1295 1012 ego
1310 925 1429 990 multo·

269 1050 343 1092 rum
368 1050 538 1114 aegrorum
568 1028 708 1092 salutem
735 1051 800 1092 non
827 1029 869 1093 ab
900 1028 1099 1113 Hippocrate
1123 1029 1231 1115 potius
1261 1051 1358 1115 quam
1387 1028 1429 1092 ab
1465 1047 1482 1106 5

269 1131 463 1216 Aesculapio
492 1130 604 1195 datam
629 1130 749 1217 judico,
778 1153 839 1195 nec
869 1130 1195 1197 Lacedaemoniorum
1225 1130 1428 1217 disciplinam

270 1233 376 1298 dicam
400 1256 556 1319 umquam
579 1233 622 1299 ab
647 1234 800 1320 Apolline
826 1233 934 1320 potius
959 1223 1097 1320 Spartae
1120 1257 1218 1321 quarn
1242 1257 1262 1299 a
1284 1236 1430 1319 Lycurgo

270 1338 391 1404 datam.
423 1339 593 1416 Critolaus,
601 1338 746 1424 inquam,
757 1338 876 1403 evertit
886 1338 1089 1414 Corinthum,
1099 1339 1335 1424 Karthaginem
1344 1338 1430 1402 Has·

271 1441 396 1506 drubal.
426 1441 473 1505 Hi
485 1441 549 1506 duo
560 1442 633 1507 illos
648 1443 757 1507 oculos
771 1463 846 1506 orae
859 1441 1041 1506 maritimae
1053 1442 1243 1520 effoderunt,
1251 1464 1316 1505 non
1328 1441 1431 1504 iratus

222 1553 259 1611 92
272 1545 383 1631 aliqui,
402 1567 501 1630 quem
525 1547 657 1611 omnino
680 1546 774 1611 irasci
797 1568 889 1631 posse
913 1545 1047 1632 negatis,
1068 1547 1156 1612 deus.
1201 1545 1360 1611 XXXIX.
1383 1545 1430 1607 At
1447 1561 1487 1601 10

270 1649 443 1715 subvenire
461 1657 550 1714 certe
570 1649 679 1734 potuit
699 1656 732 1713 et
752 1671 939 1714 conservare
958 1649 1055 1714 urbes
1077 1658 1187 1715 tantas
1209 1657 1307 1735 atque
1326 1647 1429 1726 tales3

271 1775 329 1816 vos
358 1752 445 1817 enim
474 1752 539 1838 ipsi
568 1753 674 1817 dicere
704 1753 814 1817 soletis
843 1753 927 1816 nihil
961 1775 1039 1830 esse,
1069 1753 1155 1838 quod
1188 1753 1267 1817 deus
1303 1751 1429 1817 efficere

271 1878 336 1919 non
366 1856 476 1940 possit,
501 1864 536 1920 et
562 1857 693 1942 quidem
723 1857 793 1921 sine
821 1855 931 1921 labore
960 1856 1045 1936 ullo;
1075 1865 1115 1921 ut
1143 1856 1230 1920 enim
1259 1855 1429 1920 hominum

272 1960 420 2025 membra
451 1961 541 2025 nulla
570 1961 778 2025 contentione
812 1968 922 2025 mente
954 1961 1023 2046 ipsa
1053 1982 1090 2024 ae
1119 1959 1287 2024 voluntate
1322 1981 1430 2022 move·

272 2072 379 2144 antur,
396 2064 441 2129 sic
455 2065 589 2130 numine
605 2065 739 2130 deorum
753 2065 863 2130 omnia
882 2064 970 2150 fingi,
986 2063 1108 2129 moveri
1126 2064 1311 2148 mutarique
1329 2085 1429 2148 posse.
1448 2089 1484 2149 15

273 2169 390 2257 Neque
413 2172 446 2236 id
469 2171 577 2237 dicitis
598 2171 822 2257 superstitiose
844 2180 944 2257 atque
966 2171 1104 2248 aniliter,
1124 2170 1180 2234 sed
1202 2169 1335 2255 physica
1356 2191 1430 2234 con-

273 2277 439 2361 stantique
465 2277 609 2355 ratioue3
633 2276 805 2340 materiam
832 2275 920 2340 enim
946 2297 1064 2352 rerum,
1090 2297 1130 2338 ex
1154 2297 1219 2360 qua
1242 2283 1276 2339 et
1301 2274 1337 2337 in
1366 2293 1431 2358 qua

274 2380 383 2444 omnia
398 2379 473 2457 sint,
489 2388 591 2444 totam
607 2401 675 2443 esse
690 2378 869 2444 flexibilem
885 2387 919 2443 et
933 2377 1207 2454 commutabilem,
1223 2387 1262 2442 ut
1276 2377 1359 2441 nihil
1379 2377 1432 2452 sit,

273 2483 360 2569 quod
382 2505 446 2548 non
469 2506 509 2549 ex
532 2507 571 2548 ea
590 2484 738 2568 quamvis
759 2483 866 2549 subito
888 2484 968 2569 fingi
991 2484 1199 2570 convertique
1221 2484 1339 2570 possit3
1361 2484 1432 2570 ejus

273 2593 385 2651 autem
400 2587 570 2652 universae
584 2587 739 2651 fictricem
755 2595 789 2652 et
805 2587 1048 2652 moderatricem
1070 2587 1215 2651 divinam
1236 2609 1305 2652 esse
1324 2587 1431 2674 provi·
1448 2613 1488 2652 20

273 2689 418 2754 dentiam
429 2714 438 2770 ;
467 2691 551 2755 banc
577 2691 688 2776 igitur,
714 2712 919 2776 quocumque
944 2713 978 2754 se
1008 2699 1147 2768 moveat,
1174 2690 1298 2755 efficere
1328 2712 1431 2776 posse,

274 2791 429 2878 quicquid
444 2793 532 2858 velit
578 2792 695 2878 Itaque
715 2803 774 2859 aut
791 2795 904 2872 nescit,
919 2792 1000 2878 quid
1020 2794 1128 2880 possit,
1144 2803 1203 2858 aut
1222 2794 1364 2880 neglegit
1381 2815 1432 2859 res

223 2896 434 2961 Athamanas
456 2906 524 2975 aut,
548 2897 627 2983 quid
651 2897 694 2962 sit
724 2898 895 2984 optimum,
919 2920 986 2962 non
1011 2907 1119 2984 potest
1138 2898 1294 2983 judicare.
1339 2897 1432 2962 ‘Non

273 3007 366 3063 curat
390 2999 534 3084 singulos
557 2998 730 3065 homines'.
787 3001 864 3064 Non
886 3001 1024 3064 mirum:
1054 3023 1095 3064 ne
1118 3001 1267 3064 civitates
1289 2999 1431 3086 quidem.

274 3102 351 3165 Non
378 3107 455 3167 east
480 3125 521 3168 ne
544 3103 693 3169 nationes
716 3104 849 3188 quidem
874 3113 909 3169 et
931 3111 1053 3190 gentes
1098 3103 1222 3184 Quodsi
1245 3103 1302 3168 has
1332 3104 1430 3168 etiam
1449 3129 1487 3188 ²5

274 3213 469 3283 contemnet,
484 3205 564 3290 quid
584 3205 703 3270 mirum
727 3215 777 3271 est
800 3228 894 3270 omne
917 3208 960 3272 ab
978 3230 1017 3272 ea
1036 3229 1140 3293 genus
1162 3207 1342 3271 humanum
1363 3229 1432 3272 esse

274 3314 522 3395 contemptum?
570 3310 635 3375 Sed
661 3332 726 3396 quo
751 3310 848 3375 modo
874 3309 962 3375 idem
985 3310 1094 3376 dicitis
1123 3332 1189 3374 non
1219 3311 1328 3375 omnia
1356 3310 1434 3375 deos

269 3414 432 3508 persequi,
454 3414 542 3478 idem
562 3414 663 3479 vultis
684 3436 705 3478 a
726 3415 776 3479 dis
797 3414 1038 3480 immortalibus
1061 3414 1247 3479 hominibus
1268 3414 1433 3499 dispertiri

274 3536 312 3579 ac
341 3514 443 3578 dividi
473 3515 619 3580 somnia?
668 3515 790 3579 Idcirco
819 3514 899 3580 baec
929 3523 1047 3594 tecum,
1070 3516 1148 3602 quia
1176 3523 1284 3579 vestra
1313 3524 1362 3581 est
1391 3517 1433 3580 de
1543 3535 1544 3566 r

274 3619 472 3682 somniorum
486 3619 624 3685 veritate
642 3617 813 3684 sententia
857 3618 970 3704 Atque
990 3620 1078 3684 idem
1100 3619 1200 3683 etiam
1216 3629 1292 3685 vota
1313 3621 1433 3706 suscipi
1450 3637 1491 3693 30

274 3721 383 3788 dicitis
412 3731 567 3808 oportere.
619 3722 750 3809 Nempe
779 3721 900 3807 singuli
930 3733 1059 3803 vovent,
1088 3723 1182 3788 audit
1211 3722 1312 3810 igitur
1342 3747 1434 3789 mens

324 3974 340 4022 8
356 3973 541 4036 Karthaginem
555 3989 597 4025 see
608 3975 689 4027 above
701 3979 715 4038 5
727 3978 769 4028 la.
901 3980 916 4030 9
933 3979 1084 4028 Hasdrubal
1098 3982 1188 4038 lm,
1205 3980 1333 4029 Asdrubal
1347 3977 1432 4033 XM.

276 4054 308 4102 10
323 4055 407 4116 aliqui
423 4055 577 4119 [aecum.
588 4059 670 4107 alicui
685 4058 834 4109 PWUTMV
844 4059 914 4118 exe,
925 4063 1022 4123 aliquis
1038 4065 1092 4110 ER.
1190 4061 1250 4109 deus
1266 4059 1358 4109 hamb.
1371 4059 1436 4110 with

275 4137 336 4198 Beg.
348 4137 402 4186 and
411 4138 458 4190 Fa.
471 4139 501 4188 of
509 4140 602 4201 Moser,
616 4144 689 4191 deum
699 4158 749 4192 uss
759 4143 899 4207 generally.
1048 4145 1079 4195 17
1096 4145 1229 4193 mate-riam
1240 4143 1436 4206 [BP],materia

275 4219 385 4270 AGEVB
401 4219 460 4270 011.
565 4224 596 4272 21
615 4225 680 4276 hanc
696 4225 730 4274 V²
741 4225 798 4278 Oxi.
819 4227 870 4290 [Ρ1,
890 4229 949 4276 haec
966 4225 1160 4278 lacuum.
1265 4227 1297 4275 22
1314 4227 1434 4288 aepleqir,

274 4303 381 4363 aeclcpit
391 4302 414 4351 A
426 4301 488 4366 (and
498 4302 578 4353 above
588 4308 602 4366 5
612 4307 662 4369 89).
731 4308 763 4355 24
779 4323 811 4357 ae
823 4307 1018 4364 civitatoredd„
1030 4310 1203 4357 acacianam
1213 4320 1269 4358 uss.
1337 4308 1369 4357 25
1384 4321 1437 4356 noa

276 4387 335 4432 east
352 4397 400 4432 uas
417 4382 475 4435 Scb.
490 4384 534 4436 Or.
547 4385 605 4444 aa,
621 4401 672 4437 aon
687 4390 758 4437 modo
774 4405 816 4438 coa
833 4389 896 4450 Mu,
910 4391 933 4438 ri
950 4404 1000 4439 noa
1016 4405 1059 4438 ear
1076 4389 1162 4438 Madv.
1302 4389 1334 4439 29
1350 4389 1436 4436 dividi

275 4465 371 4513 samaia
382 4464 523 4530 [ABOEPL
536 4469 632 4517 dividis
642 4471 724 4518 arania
737 4469 779 4530 Ψ,
791 4471 874 4520 dividi
885 4473 969 4520 omnia
981 4471 1154 4522 V'UGBVH.
