3125 4942
433 373 498 423 ma.
523 375 564 422 111
586 374 659 422 car.
683 375 833 423 v1-v111
852 360 891 446 ἓξ
913 362 1049 426 14-21.
1298 364 1318 434 7

151 518 382 585 tractabuntur
396 543 416 584 a
429 521 532 598 nobis,
546 543 621 585 cum
636 521 877 606 disputabimus
892 521 932 587 de
955 522 1160 607 providentia
1174 523 1317 604 deorum,

150 623 193 688 de
215 644 283 709 qna
303 623 444 709 plurima
466 648 486 689 a
506 635 550 702 te,
573 626 685 703 Balbe,
707 627 795 691 dicta
817 637 912 708 suut3
935 627 1114 714 eodemque
1135 629 1193 693 illa
1215 628 1314 694 etiam
1330 635 1367 693 18

150 727 349 806 differemus,
364 727 450 812 quod
471 728 690 814 Chrysippum
710 729 816 794 dicere
837 730 954 808 aiebas,
973 731 1129 815 quoniam
1150 740 1235 797 esset
1256 731 1314 796 ali·

27 833 32 846 '
150 830 232 914 quid
254 831 289 894 in
310 851 419 895 rerum
440 840 568 908 natura,
588 833 674 917 quod
696 833 738 898 ab
760 833 892 897 homine
915 833 998 897 effici
1020 856 1085 898 non
1108 843 1225 918 posset,
1245 856 1315 900 esse

114 955 133 1014 5
150 931 278 1017 aliquid
293 932 425 997 homine
440 933 567 1010 melina,
582 955 730 1019 quaeque
746 935 781 998 in
803 935 898 998 domo
921 934 1056 1020 pulchra
1077 958 1151 1000 curn
1174 936 1315 1022 pulchri-

149 1036 268 1101 tudine
288 1036 404 1101 mundi
423 1036 640 1122 comparabas,
655 1046 690 1102 et
710 1061 785 1102 cum
803 1037 904 1102 totius
922 1039 1038 1103 muudi
1055 1039 1314 1105 convenientiam

149 1161 408 1225 consensumque
430 1139 595 1218 asserebas,
616 1139 818 1226 Zenonisque
838 1141 951 1205 breves
972 1149 1005 1206 et
1024 1141 1170 1206 acutulas
1188 1143 1314 1208 conclu-

148 1241 258 1307 siones
279 1242 315 1305 in
337 1263 410 1306 eam
433 1251 561 1328 partem
588 1243 752 1320 sermonis,
775 1265 874 1328 quam
901 1242 996 1307 modo
1018 1244 1095 1322 dixi,
1118 1245 1314 1323 differemus,

148 1346 331 1432 eodemque
352 1356 499 1432 ternpore
519 1346 579 1410 illa
598 1346 716 1424 omnia,
738 1368 822 1430 quae
839 1369 859 1410 a
874 1355 907 1410 te
928 1346 1060 1431 physice
1080 1347 1258 1414 dictasunt
1272 1349 1314 1414 de

95 1477 134 1516 ιο
150 1449 184 1514 vi
203 1451 302 1538 ignea
322 1451 427 1535 deque
449 1473 487 1515 eo
510 1450 623 1527 calore,
644 1471 684 1514 ex
703 1473 767 1536 quo
788 1450 897 1513 omnia
918 1451 1067 1536 generari
1085 1451 1223 1533 dicebas,
1243 1452 1313 1518 loco

148 1575 210 1618 suo
229 1563 436 1639 quaerentur,
450 1552 632 1638 omniaque,
649 1575 733 1638 quae
752 1576 772 1616 a
795 1561 829 1618 te
849 1551 969 1618 nudius
986 1554 1103 1620 tertius
1122 1555 1313 1633 dictasunt,

149 1678 225 1720 cum
240 1657 355 1720 docere
370 1655 469 1719 velles
484 1655 561 1719 deos
575 1676 652 1732 esse,
664 1677 764 1740 quare
779 1653 969 1719 otmundus
984 1656 1153 1722 universus
1168 1665 1202 1722 et
1217 1660 1263 1723 sol
1279 1669 1313 1724 et

148 1759 229 1824 luna
250 1768 285 1825 et
303 1758 423 1824 stellae
444 1781 574 1824 sensum
598 1780 635 1823 ae
657 1767 803 1823 mentem
825 1758 993 1835 habereut,
1016 1759 1052 1822 in
1073 1759 1160 1824 idem
1183 1767 1313 1847 tempus

149 1862 329 1928 reservabo.
373 1863 405 1926 A
419 1870 454 1927 te
468 1870 581 1926 autem
596 1862 684 1926 idem
700 1861 781 1926 illud
797 1861 898 1926 etiarn
915 1869 1016 1946 atque
1031 1861 1132 1926 etiarn
1149 1884 1311 1947 quaeram,
1326 1872 1362 1930 10
1428 1864 1430 1872 ’

94 1991 132 2051 ¹5
149 1966 269 2052 quibus
280 1966 461 2030 rationibus
471 1966 533 2031 tibi
545 1965 739 2051 persuadeas
751 1965 827 2030 deos
839 1987 915 2030 esse.
948 1965 1043 2031 VIII.
1074 1966 1159 2031 Tum
1171 1967 1311 2034 Balbus:

150 2071 313 2156 Equidem
332 2070 481 2134 attulisse
504 2069 645 2134 rationes
665 2069 746 2134 mihi
766 2069 886 2146 videor,
907 2068 964 2133 sed
984 2091 1038 2133 eas
1056 2077 1093 2133 tu
1116 2069 1165 2134 ita
1184 2071 1312 2150 refellis,

149 2184 195 2253 ut,
206 2198 283 2241 cum
299 2197 353 2240 me
367 2176 625 2261 interrogaturus
640 2197 710 2240 esse
724 2175 855 2239 videare
871 2183 906 2239 et
917 2197 976 2260 ego
992 2197 1045 2239 me
1060 2173 1102 2240 ad
1117 2177 1311 2260 responden·

147 2279 227 2343 dnm
242 2277 464 2364 compararim,
476 2287 611 2363 repente
625 2285 753 2342 avertas
767 2277 948 2342 orationem
959 2299 1019 2342 nec
1030 2277 1087 2342 des
1098 2278 1311 2362 respondendi

148 2383 264 2446 locum.
308 2382 428 2466 Itaque
451 2381 612 2445 maximae
634 2403 685 2444 res
707 2379 827 2444 tacitae
853 2381 1099 2464 praeterierunt,
1123 2381 1163 2446 de
1186 2381 1310 2446 diviua·

27 2525 31 2541 .
93 2506 134 2544 20
150 2485 246 2563 tione,
272 2485 313 2549 de
343 2485 417 2562 lato,
445 2484 564 2569 quibus
594 2483 634 2548 de
658 2484 904 2569 quaestionibus
932 2492 971 2548 tu
1001 2485 1133 2570 quidem
1163 2485 1310 2563 strictim,

28 2594 29 2597 ’
147 2589 249 2655 nostri
272 2597 384 2655 autem
409 2588 514 2654 multa
538 2588 644 2653 solent
667 2588 783 2665 dicere,
810 2587 867 2653 sed
893 2589 935 2653 ab
960 2589 1022 2653 hac
1048 2611 1087 2654 ea
1112 2590 1311 2674 quaestione,

147 2715 232 2779 quae
260 2715 349 2757 nunc
378 2691 414 2756 iu
443 2692 594 2757 manibus
623 2701 682 2770 est,
711 2701 912 2777 separantur.
966 2693 1084 2772 Quare,
1116 2693 1143 2758 si
1172 2693 1311 2772 videtur,

147 2797 214 2862 noli
237 2817 334 2881 agere
355 2796 494 2873 confuse,
517 2805 556 2862 ut
579 2795 640 2860 hoc
663 2795 864 2882 explicemus
885 2796 946 2860 hac
968 2796 1199 2880 disputatione,
1222 2797 1309 2883 quod

146 2901 325 2988 quaeritur.
454 2908 458 2914 ’

27 3068 31 3097 1
92 3027 130 3088 ²5
213 3004 357 3091 Optime,
375 3004 485 3090 inquit
506 3003 612 3069 Cotta.
659 3004 778 3088 Itaque
797 3003 952 3088 quoniam
972 3012 1127 3089 quattuor
1146 3004 1181 3067 iu
1200 3011 1309 3088 partes
1324 3007 1361 3067 20

27 3116 35 3133 ⁶
145 3115 252 3172 totam
267 3107 491 3192 quaestionem
506 3105 647 3171 divisisti
662 3106 703 3170 de
718 3104 889 3191 primaque
904 3104 1055 3184 diximus
1070 3106 1309 3172 consideremus

145 3211 341 3291 secumdam
372 3233 456 3297 quae
478 3208 565 3275 mihi
590 3210 666 3276 talis
689 3211 820 3276 videtur
842 3209 949 3292 luisse,
972 3220 1019 3289 ut,
1042 3233 1116 3276 cum
1140 3211 1308 3276 ostendere

28 3392 34 3405 ι
145 3315 256 3392 velles,
271 3313 383 3399 quales
398 3314 432 3378 di
447 3321 563 3390 essent,
578 3313 763 3378 ostenderes
777 3313 886 3378 nullos
901 3337 978 3379 esse.
1023 3315 1055 3377 A
1076 3314 1308 3380 consuetudine

27 3410 32 3501 l
145 3420 237 3485 euim
263 3418 428 3484 oculorum
455 3419 602 3484 animum
631 3420 791 3485 abducere
821 3420 1049 3485 difficillimum
1078 3420 1216 3497 dicebas,
1242 3421 1306 3500 sed,

93 3555 133 3610 30
145 3546 223 3589 cum
243 3523 304 3588 deo
321 3523 406 3587 nihil
427 3523 645 3608 praestantius
664 3531 758 3600 esset,
777 3546 842 3588 uon
865 3523 1047 3605 dubitabas,
1064 3525 1144 3611 quin
1166 3525 1308 3592 mundus

146 3636 233 3693 esset
246 3626 336 3705 deus,
351 3649 415 3712 quo
429 3626 512 3690 nihil
527 3627 562 3690 in
577 3649 685 3691 rerum
705 3636 823 3692 natura
843 3627 960 3692 melius
980 3636 1072 3694 esset.
1117 3629 1214 3694 Modo
1235 3653 1307 3716 pus-

146 3752 256 3796 semus
271 3751 347 3794 eum
367 3730 569 3794 animantem
592 3729 733 3816 cogitare
753 3730 806 3795 vel
825 3731 942 3815 potius,
959 3739 998 3796 ut
1017 3741 1126 3797 cetera
1139 3734 1247 3812 oculis,
1263 3735 1308 3799 sic

146 3833 256 3899 animo
281 3833 342 3900 hoc
365 3839 512 3899 cernere!
557 3832 623 3901 Sed
652 3857 727 3898 cum
756 3835 879 3899 mundo
905 3855 1004 3920 negas
1033 3835 1209 3920 quicquam
1238 3860 1306 3904 esse
1321 3849 1360 3907 21

196 4028 227 4076 11
245 4028 457 4093 omniaque'quoc
472 4044 490 4078 a
507 4036 531 4079 te
547 4027 605 4079 Bv¹
616 4029 686 4090 Oxi,
703 4032 788 4078 omnic
804 4042 917 4092 quaeque
931 4027 1268 4092 antunnacum
1283 4040 1307 4082 tc

147 4109 224 4159 APV¹
247 4109 320 4175 (with
341 4112 360 4160 d
380 4110 470 4162 maed
491 4113 557 4162 alter
578 4126 595 4161 u
615 4111 644 4161 in
662 4112 727 4177 AV),
752 4115 837 4161 omnia
859 4126 907 4175 quc
930 4125 947 4160 u
970 4118 993 4160 tc
1012 4111 1035 4160 Il
1056 4111 1099 4177 (cf.
1120 4111 1202 4162 below
1222 4116 1236 4174 5
1253 4113 1304 4178 47).

28 4218 34 4232 ·
149 4194 180 4244 19
198 4195 303 4252 mitae,
315 4195 393 4244 tacite
403 4193 537 4244 ACBAac
647 4194 678 4243 23
694 4201 724 4242 ut
737 4207 788 4242 uss
799 4192 939 4256 generally,
952 4199 976 4244 et
987 4191 1074 4242 Madv.
1183 4195 1216 4244 28
1231 4198 1307 4245 velles

147 4273 227 4323 BPV'
238 4273 298 4323 oxa
309 4275 380 4335 Aac,
396 4277 459 4325 velta
470 4272 623 4324 AGEWBE.
658 4275 707 4325 Sec
723 4274 804 4325 above
815 4278 829 4337 ς
841 4275 865 4326 9.
980 4275 1011 4326 29
1028 4275 1095 4323 euim
1110 4274 1160 4327 VH
1171 4275 1239 4338 Oxi,
1254 4290 1306 4326 om.

149 4354 334 4407 securum.
435 4357 466 4404 al
484 4372 533 4419 qao
542 4355 575 4418 X,
589 4359 656 4419 quod
666 4356 723 4407 011.
736 4362 758 4407 n
768 4357 851 4407 Allcn.
