3125 4942
391 340 458 390 nm.
475 340 517 389 111
539 339 612 389 em.
635 339 862 389 xxv-xxvii
883 321 922 409 ξς
944 325 1082 389 64-69.
1266 318 1308 388 27

147 493 273 570 quanto
294 507 429 551 munere
451 484 586 552 deorum
615 485 717 551 simus
739 484 873 552 affeetil
917 485 1030 570 Atque
1053 482 1168 550 eadem
1192 481 1311 549 Medea

148 597 277 674 patrem
292 590 497 676 patriamque
511 589 658 676 fugiens:

789 695 964 764 postquam
984 695 1079 763 pater

186 781 437 854 appropinquat
452 781 588 853 jamque
607 798 710 853 paene
728 783 767 836 ut
785 778 1086 851 comprehendatur
1104 781 1207 852 parat,

115 881 133 941 5
187 888 325 942 puerum
343 871 474 926 interea
491 870 674 925 obtruncat
692 868 906 939 membraque
926 866 1137 923 articulatim
1156 866 1281 922 dividit

187 975 311 1030 perque
329 975 425 1028 agros
442 959 568 1029 passim
588 956 754 1028 dispergit
774 972 895 1028 corpus
906 977 914 1024 ;
940 955 974 1011 id
992 973 1029 1010 ea
1046 955 1165 1026 gratia,

187 1048 232 1114 ut,
251 1043 328 1099 dum
345 1043 418 1098 nati
437 1043 622 1116 dissipatos
639 1047 735 1098 artus
753 1046 906 1114 captaret
925 1059 1052 1114 parens,

187 1131 262 1202 ipsa
280 1131 410 1186 interea
429 1131 601 1202 effugeret,
619 1131 717 1186 illum
735 1134 774 1186 ut
793 1147 921 1185 maeror
939 1129 1090 1185 tardaret
1108 1129 1212 1200 sequi,

187 1219 254 1274 sibi
273 1219 420 1275 salutem
438 1222 476 1274 ut
493 1218 656 1274 familiari
674 1222 809 1290 pareret
828 1217 1019 1290 parricidio.

39 1426 40 1435 ἵ
98 1369 137 1408 ιο
152 1337 242 1406 Huic
256 1351 296 1408 ut
310 1343 423 1421 scelus,
437 1341 484 1408 sic
497 1364 540 1407 ne
555 1342 638 1407 ratio
657 1342 791 1427 quidem
807 1316 920 1407 defuit.
965 1339 1075 1420 Quidl
1097 1340 1153 1406 ille
1167 1339 1312 1406 funestae
1325 1347 1362 1407 68

151 1447 268 1532 epulas
289 1447 383 1513 fratri
404 1469 594 1533 comparans
616 1469 724 1511 nonne
745 1454 855 1511 versat
876 1445 940 1510 huo
962 1453 996 1510 et
1017 1445 1095 1510 illuc
1116 1444 1311 1531 cogitatione

151 1552 337 1618 rationem?

189 1681 297 1752 Major
314 1681 396 1736 mihi
415 1681 526 1750 moles,
546 1680 655 1752 majus
671 1678 914 1734 miscendumst
933 1679 1064 1748 malum,

188 1771 246 1840 qui
265 1769 363 1826 illius
381 1769 536 1825 acerbum
554 1786 610 1824 cor
629 1768 834 1824 contundam
852 1771 886 1823 et
905 1769 1126 1839 comprimam.

99 1911 137 1970 15
152 1891 297 1958 XXVII.
335 1893 406 1959 Nee
420 1901 531 1959 tamen
546 1893 602 1958 ille
617 1893 687 1980 ipse
703 1901 753 1957 est
766 1891 1032 1979 praetereundus,

189 2013 247 2084 qui
268 2029 333 2067 non
352 2016 406 2068 sat
423 2012 544 2068 habuit
562 2011 734 2084 conjugem
754 2011 855 2067 illexe
874 2012 909 2066 in
928 2015 1091 2082 stuprum,

153 2136 197 2200 de
211 2157 276 2221 quo
290 2143 378 2200 recte
393 2143 428 2200 et
441 2134 608 2200 verissime
621 2134 767 2220 loquitur
780 2133 921 2200 Atreus:

228 2263 348 2334 ...quod
367 2281 401 2319 re
420 2263 453 2318 in
473 2281 601 2318 summa
620 2280 784 2318 summum
804 2279 877 2318 esse
898 2261 1046 2318 arbitror

225 2352 383 2424 piaclum,
401 2355 528 2407 matres
548 2351 764 2424 coinquinari
786 2350 903 2421 regias,

100 2452 141 2490 20
225 2437 452 2494 contaminari
472 2439 616 2509 stirpam
635 2437 816 2492 admisceri
836 2453 945 2508 genus.

154 2563 204 2627 At
216 2560 253 2626 id
266 2562 374 2648 ipsum
390 2581 489 2647 quam
503 2559 628 2639 callide,
642 2560 699 2646 qui
714 2582 852 2646 reguum
868 2560 1028 2626 adulterio
1043 2569 1233 2645 quaereret:

227 2688 326 2759 Adde,
346 2690 468 2760 inquit,
485 2689 557 2757 huc,
575 2687 663 2760 quod
681 2687 763 2743 mihi
783 2691 939 2760 portento
957 2687 1139 2743 caelestum
1157 2691 1253 2758 pater

227 2778 416 2851 prodigium
435 2778 538 2847 misit,
558 2778 652 2848 regni
672 2775 870 2832 stabilimen
891 2777 961 2845 mei,

227 2883 347 2938 agnum
365 2867 456 2921 inter
475 2864 618 2937 pecudes
638 2881 739 2920 aurea
759 2864 885 2919 ciarum
905 2881 1004 2933 coma,

104 2979 140 3040 ²5
228 2970 323 3024 quem
344 2953 429 3009 clam
448 2953 629 3026 Thyestem
649 2952 782 3023 clepere
801 2967 919 3006 ausum
937 2967 1009 3006 esse
1030 2968 1045 3006 e
1066 2950 1165 3022 regia,

228 3058 293 3112 qua
310 3041 345 3096 in
364 3059 399 3096 re
419 3040 620 3112 adjutricem
640 3039 813 3111 conjugem
833 3040 922 3111 cepit
942 3038 1015 3096 sibi.

156 3161 340 3228 Videturne
376 3183 505 3226 summa
535 3159 745 3246 improbitate
775 3181 852 3224 usus
881 3181 946 3225 nou
976 3159 1046 3224 sine
1082 3180 1211 3224 summa
1247 3179 1315 3223 esse
1327 3161 1365 3221 00

156 3266 307 3331 rational
352 3263 423 3328 Nec
450 3285 525 3328 vero
552 3283 670 3328 scaena
699 3261 804 3326 solum
834 3262 953 3326 referta
978 3268 1028 3326 est
1053 3260 1104 3326 his
1134 3259 1313 3338 sceleribus,

209 3429 340 3485 ilderico,
356 3427 440 3476 media
455 3424 512 3475 ΒΨ
529 3425 588 3475 Oxi.
708 3426 879 3488 dpoetqacm,
901 3439 1023 3488 perquam
1039 3423 1119 3473 ABa.
1138 3421 1271 3490 (referring
1288 3423 1316 3472 to

157 3509 261 3562 Ritsohl
271 3509 364 3560 Rbeia.
378 3509 445 3557 lim.
457 3520 495 3556 vn
506 3505 568 3565 5713
585 3520 628 3555 see
639 3505 734 3554 Munro
744 3519 779 3554 on
790 3505 996 3568 Lucr.1v1186).
1095 3503 1127 3552 13
1143 3502 1316 3552 murmurat

157 3593 228 3652 edd..
238 3592 391 3642 abcendm
400 3597 437 3640 eat
448 3603 506 3640 uss.
598 3588 629 3637 le
645 3602 673 3638 re
683 3589 713 3637 ia
721 3601 769 3638 nse
780 3587 919 3650 generally,
936 3589 966 3636 ia
975 3602 1002 3637 re
1015 3585 1074 3637 sch.
1157 3585 1189 3636 19
1201 3585 1316 3648 piatam

157 3676 208 3727 aa
222 3676 289 3725 aaa
299 3673 384 3733 men,
391 3673 516 3737 pesam
525 3671 614 3721 serv
625 3670 692 3733 eea,
701 3672 844 3733 pastam
854 3670 909 3721 su.
999 3655 1161 3732 aunuente
1172 3665 1317 3732 mensu]

158 3759 228 3821 011,
246 3758 430 3822 prtciaqaiaari
440 3755 505 3814 ΑΨ,
517 3769 566 3819 qao
576 3755 711 3818 inquinari
721 3759 749 3816 B,
767 3755 919 3817 cdrrqaiaari
935 3758 959 3803 E
974 3751 1087 3802 Ribbeck
1104 3750 1147 3816 (ol.
1163 3749 1271 3801 Laehm.
1288 3751 1317 3800 in

157 3840 369 3906 Lacr.p.135).
487 3840 571 3902 rupim
591 3836 712 3896 ABOEP,
734 3838 831 3898 reptem
852 3836 875 3884 V
898 3835 993 3898 (before
1014 3833 1126 3900 erasure)
1147 3835 1205 3884 Oxi.
1225 3837 1316 3889 lm.

157 3925 193 3976 20
207 3925 342 3974 αάηίκετί
352 3936 410 3972 uss.
421 3936 452 3970 ac
465 3923 566 3970 misceri
581 3917 639 3969 edd.
651 3918 718 3968 alter
728 3917 850 3968 Bibbeok.
939 3918 970 3966 21
986 3925 1015 3967 at
1026 3915 1189 3981 A¹B²V²[OP]
1201 3916 1269 3978 Ort,
1282 3917 1317 3966 ud

157 4007 351 4058 A¹B¹nv¹m
445 4006 478 4053 22
490 4005 556 4053 addc
566 4001 682 4052 Ribbeck
693 4001 758 4060 Mu,
774 4003 840 4050 addc
856 4013 906 4050 nse
918 3999 962 4049 Or.
973 3999 1021 4049 Ba.
1034 3998 1094 4048 Soli.
1192 3999 1224 4048 25
1247 4013 1319 4062 quera

157 4093 224 4142 ean
240 4090 372 4153 rapacem
388 4085 503 4138 seura
513 4085 610 4135 Heind
622 4085 665 4135 Or.
680 4084 738 4142 Ba,
756 4099 828 4147 quem
844 4084 910 4133 clari
931 4083 978 4133 Ta.
998 4086 1029 4144 Η,
1042 4083 1166 4146 cumdum
1178 4082 1225 4130 Tb.
1236 4081 1260 4130 B
1277 4083 1318 4142 (ex

157 4176 236 4234 corr.)
248 4172 343 4230 cuo,
359 4185 433 4235 queri
448 4170 512 4220 duat
525 4171 634 4233 tucrum
644 4166 668 4217 V
679 4166 748 4228 Oxi,
768 4181 840 4230 ptum
855 4167 918 4219 duat
932 4166 981 4216 Th.
996 4165 1029 4227 E,
1043 4180 1117 4228 quem
1126 4166 1318 4230 cleanthyertem

157 4256 189 4314 P,
209 4256 336 4319 quondm
351 4255 398 4303 Tb.
408 4251 511 4303 Nonius
525 4267 551 4316 p.
568 4251 601 4302 20
617 4249 678 4302 sch.
697 4249 752 4302 Mu.
855 4252 888 4308 26
905 4264 957 4317 qua
974 4247 997 4296 Δ
1013 4246 1090 4308 (aiter
1105 4246 1226 4314 maiori),
1237 4262 1256 4298 a
1266 4261 1317 4310 qaia

158 4343 271 4402 ult,
281 4354 352 4414 agac
362 4337 421 4394 011·
432 4335 553 4394 Boura
650 4336 717 4411 cepit
728 4332 827 4412 [ΕΓΗ
845 4339 932 4412 coepit
943 4329 994 4388 Ad,
1010 4331 1092 4407 coepit
1102 4329 1133 4384 Β.

1311 4747 1525 4928 A
