3125 4942
288 421 307 483 6
670 432 716 480 nu
739 430 880 480 urruns
903 431 1056 479 nnonuu.

287 585 413 647 sortesl
456 582 582 662 Quibus
597 603 656 666 ego
671 581 773 657 credo,
790 603 849 645 neo
871 603 999 666 possum
1024 580 1096 644 Atti
1118 580 1228 658 Navii,
1242 604 1339 666 quem
1359 605 1448 648 com-

287 686 496 765 memorabas,
515 687 635 750 lituum
657 694 864 751 contemnere
876 709 884 764 ;
906 685 962 750 sed
985 685 1042 770 qui
1065 685 1128 749 ista
1149 685 1315 751 intellecta
1334 687 1409 763 siut,
1427 711 1448 752 a

287 789 485 876 philosophis
512 789 613 853 debeo
639 788 768 864 discere,
795 788 985 873 praesertim
1011 809 1085 851 cum
1112 786 1260 872 plurimis
1286 789 1448 854 derebus

286 1018 382 1081 saepe
411 997 577 1060 falluntur.
622 995 710 1075 Quid
739 994 845 1058 simile
876 994 1044 1070 medicina,
1073 995 1166 1079 cujus
1197 1017 1256 1080 ego
1286 995 1447 1061 rationem
1485 1017 1501 1075 5

286 1100 390 1175 video,
405 1107 439 1164 et
454 1099 620 1174 divinatio,
636 1121 719 1183 quae
734 1097 821 1162 unde
837 1097 966 1173 oriatur,
978 1121 1041 1163 non
1059 1099 1236 1184 intellego?
1268 1100 1318 1164 Tu
1333 1111 1447 1166 autem

287 1202 387 1268 etiam
403 1203 578 1268 Deciorum
599 1202 826 1267 devotionibus
846 1203 987 1287 placatos
1006 1201 1082 1268 deos
1103 1225 1170 1269 esse
1191 1226 1308 1272 censes,
1353 1205 1448 1286 Quae

286 1307 350 1372 fuit
379 1330 491 1372 eorum
521 1314 615 1372 tanta
643 1306 809 1393 iniquitas,
839 1315 878 1370 ut
907 1306 1027 1392 placari
1056 1306 1175 1391 populo
1205 1307 1350 1374 Romano
1381 1331 1447 1373 non

286 1422 425 1498 possent,
450 1412 513 1476 nisi
536 1412 597 1475 viri
626 1412 708 1476 tales
734 1411 947 1476 occidissent?
992 1411 1170 1475 Consilium
1196 1411 1277 1476 illud
1307 1412 1448 1498 impera-

286 1516 407 1582 torium
436 1516 508 1594 fuit,
537 1515 624 1602 quod
655 1515 770 1580 Graeci
800 1513 1022 1601 στρατήγημα
1052 1515 1225 1601 appellant,
1253 1516 1309 1580 sed
1334 1534 1503 1581 eorum10

287 1619 530 1704 imperatorum,
545 1619 602 1704 qui
624 1619 748 1704 patriae
767 1620 979 1696 consulerent,
995 1619 1082 1684 vitae
1104 1642 1168 1684 non
1190 1629 1375 1705 parcerent3
1397 1643 1447 1684 re-

287 1724 409 1787 bantur
430 1723 517 1787 enim
538 1723 604 1787 fore
623 1731 663 1786 ut
683 1721 844 1787 exercitus
864 1723 1090 1807 imperatorem
1111 1745 1193 1807 equo
1214 1723 1348 1788 incitato
1362 1747 1397 1788 se
1412 1725 1448 1787 in

288 1826 416 1891 hostem
445 1825 680 1891 immittentem
711 1835 966 1911 persequeretur,
996 1826 1029 1890 id
1059 1827 1145 1912 quod
1181 1827 1299 1892 evenit.
1358 1829 1447 1892 Nam

289 1931 395 1996 Fauni
418 1954 530 1995 vocem
552 1931 703 2016 equidem
726 1953 906 2016 numquam
928 1930 1040 1994 audivi
1052 1953 1059 2010 ;
1087 1931 1157 2009 tibi,
1180 1931 1207 1995 si
1230 1931 1391 1996 audivisse
1413 1941 1448 1995 te

290 2035 377 2111 dicis,
392 2035 530 2110 credam,
545 2035 607 2099 etsi
623 2032 758 2098 Faunus
772 2034 902 2098 omuino
918 2034 997 2119 quid
1012 2035 1055 2098 sit
1070 2034 1184 2100 nescio.
1467 2058 1476 2094 r
1485 2055 1500 2114 5

355 2139 432 2204 VII.
477 2139 552 2202 Non
571 2139 672 2224 igitur
691 2138 807 2216 adbuc,
828 2146 988 2222 quantum
1008 2136 1140 2222 quidem
1160 2137 1195 2200 in
1210 2143 1244 2201 te
1263 2145 1322 2215 est,
1337 2137 1448 2214 Balbe,

290 2242 444 2327 intellego
465 2242 541 2307 deos
561 2263 647 2322 esse;
669 2263 750 2325 quos
771 2240 923 2326 equidem
946 2241 1040 2305 credo
1063 2263 1139 2318 esse,
1155 2241 1210 2305 sed
1231 2240 1313 2304 nibil
1331 2240 1448 2306 docent

243 2350 279 2407 16
292 2343 402 2409 Stoici.
446 2344 535 2408 Nam
551 2343 734 2420 Cleanthea,
749 2353 788 2407 ut
802 2343 940 2421 dicebas,
955 2351 1110 2428 quattuor
1127 2343 1230 2407 modis
1245 2344 1398 2408 formatas
1413 2345 1448 2407 in

291 2448 408 2514 animis
427 2448 595 2513 hominum
619 2455 715 2533 putat
736 2447 871 2512 deorum
891 2470 959 2511 esse
982 2448 1134 2512 notiones.
1179 2447 1276 2512 Unus
1290 2447 1318 2510 is
1333 2448 1448 2512 modus

291 2562 350 2630 est,
364 2553 405 2617 de
420 2575 484 2637 quo
504 2552 583 2616 satis
603 2551 680 2628 dixi,
694 2551 751 2636 qui
773 2559 823 2615 est
844 2559 1012 2636 susceptus
1035 2575 1076 2617 ex
1097 2552 1321 2637 praesensione
1339 2575 1446 2616 rerum
1465 2575 1502 2612 20

290 2657 483 2734 futurarum,
509 2655 590 2718 alter
613 2677 652 2718 ex
678 2654 977 2740 perturbationibus
1002 2662 1235 2740 tempestatum
1259 2663 1292 2719 et
1316 2654 1449 2739 reliquis

291 2759 442 2836 motibus,
469 2758 586 2823 tertius
612 2780 653 2822 ex
677 2757 906 2823 commoditate
930 2781 1048 2835 rerum,
1073 2780 1154 2844 quas
1183 2758 1388 2844 percipimus,
1414 2769 1448 2822 et

207 2903 212 2912 ·
292 2864 391 2948 copia,
415 2870 548 2947 quartus
578 2883 618 2925 ex
647 2870 808 2926 astromm
838 2861 949 2925 ordine
978 2860 1123 2946 caelique
1153 2861 1341 2925 constantia
1397 2859 1448 2923 De

290 2965 515 3052 praesensione
530 2965 679 3030 diximus.
717 2966 768 3030 De
783 2965 1081 3051 perturbationibus
1096 2965 1288 3030 caelestibus
1303 2973 1337 3029 et
1352 2963 1448 3028 mari-

291 3069 382 3136 timis
404 3079 438 3135 et
459 3069 595 3134 terrenis
617 3092 682 3133 non
704 3091 875 3154 possumus
895 3069 1009 3146 dicere,
1028 3091 1102 3132 cum
1124 3090 1162 3132 ea
1181 3068 1273 3144 fiant,
1291 3090 1357 3132 non
1379 3089 1448 3132 esse
1465 3089 1500 3148 25

291 3173 420 3251 multos,
434 3172 492 3259 qui
506 3172 565 3237 illa
578 3182 728 3238 metuant
744 3181 777 3237 et
794 3196 813 3236 a
831 3173 880 3236 dis
900 3172 1138 3237 immortalibus
1152 3171 1223 3236 fieri
1243 3171 1448 3249 existiment;
1543 3207 1544 3212 κ

242 3286 279 3344 17
291 3277 346 3342 sed
373 3299 439 3341 non
464 3277 497 3341 id
521 3277 697 3363 quaeritur,
724 3276 832 3342 sintne
858 3275 969 3360 aliqui,
991 3274 1048 3360 qui
1072 3274 1148 3339 deos
1171 3295 1239 3338 esse
1265 3283 1391 3359 putent,
1413 3273 1447 3337 di

290 3387 401 3444 utrum
424 3378 490 3445 sint
512 3402 611 3444 necue
634 3380 710 3456 sint,
731 3379 906 3464 quaeritur.
951 3377 1039 3442 Nam
1062 3377 1205 3462 reliquae
1228 3399 1350 3454 causae,
1368 3399 1448 3461 quas

291 3483 466 3549 Cleanthes
480 3484 583 3559 affert,
597 3505 734 3569 quarum
748 3505 815 3546 una
826 3490 876 3547 est
887 3482 928 3546 de
940 3479 1189 3558 commodorum,
1201 3503 1283 3567 quae
1295 3480 1447 3566 capimus,

289 3589 390 3675 copia,
418 3589 521 3652 altera
550 3588 591 3651 de
620 3596 804 3670 temporum
834 3583 947 3649 ordine
977 3583 1121 3668 caelique
1155 3581 1346 3662 constantia,
1377 3591 1446 3646 tum
1461 3617 1501 3670 30

342 3768 356 3818 1
373 3769 430 3817 Atti
442 3768 522 3816 Nouii
534 3765 608 3826 ΟΨ,
625 3768 682 3816 Ata
693 3768 755 3815 aovi
766 3765 928 3824 ABc1uv2s,
945 3767 1065 3815 Atliaaoi
1078 3765 1137 3814 Oxi.
1246 3767 1448 3815 commemorabor

290 3849 346 3900 cxc
373 3849 498 3911 ΜΝἛΡ]
520 3849 588 3907 Asa,
610 3851 776 3898 commoratos
798 3848 928 3899 seuva.
1042 3849 1057 3895 2
1081 3849 1213 3897 intellecto
1235 3861 1286 3896 uss
1307 3849 1445 3910 generally,

289 3931 460 3990 iutellepcndo
471 3929 573 3982 oxl.÷.
682 3932 734 3978 siat
746 3930 823 3992 [Ρ]Μ,
840 3939 898 3979 sant
910 3928 1085 3988 ABcEvss,
1097 3943 1149 3978 om.
1162 3929 1221 3978 011.
1330 3931 1346 3978 l
1363 3930 1448 3979 divini

293 4013 353 4062 Gm
368 4011 476 4059 Moser's
490 4010 519 4060 M
529 4010 587 4059 edd.
598 4011 666 4060 alter
676 4011 789 4069 waler,
805 4013 901 4061 divinia
913 4013 936 4061 X
948 4013 1005 4062 Oxi.
1016 4023 1050 4066 ÷.
1149 4014 1305 4062 mentiantur
1316 4016 1342 4070 0,
1360 4015 1447 4062 ouati-

289 4100 368 4143 uotur
378 4105 428 4140 uss
439 4091 577 4154 generally.
628 4100 665 4153 ot,
679 4092 799 4142 ch¹V¹.
881 4096 897 4144 8
910 4095 1013 4156 placari
1025 4092 1193 4142 BllPV¹Oxi¹
1204 4097 1258 4152 01,
1271 4095 1371 4156 placeri
1382 4094 1445 4154 ΔΨ,

287 4175 387 4238 placere
400 4173 447 4223 CB.
560 4175 575 4224 9
591 4175 781 4236 imperatorium
796 4174 869 4238 [X]B,
888 4177 1065 4238 imperatorum
1077 4178 1159 4224 mlv
1170 4173 1228 4224 oxf.
1328 4175 1360 4222 10
1376 4193 1447 4239 στρα-

289 4255 390 4320 τήγημα
406 4255 527 4317 Horrea,
543 4255 602 4304 Lat.
621 4269 678 4305 rias.
800 4258 831 4306 12
850 4273 919 4320 equo,
940 4273 1021 4320 oeqao
1039 4257 1093 4306 AV.
1203 4257 1235 4306 14
1251 4258 1341 4305 audivi
1359 4259 1409 4306 ubi
1425 4260 1448 4306 si

290 4340 425 4405 [aovpu
435 4337 505 4397 011,
521 4340 612 4388 audiui
630 4347 658 4388 ta
672 4342 696 4389 η’
713 4343 783 4400 ΤΗο,
798 4342 899 4390 audivit
918 4342 998 4402 Quom
1013 4343 1036 4389 si
1053 4339 1121 4404 B(Q
1137 4337 1165 4387 in
1183 4353 1234 4389 ras.
1251 4345 1284 4388 aa
1302 4340 1447 4402 superous),

291 4422 381 4472 audivi
393 4423 439 4471 Bis
450 4437 475 4470 re
487 4420 519 4478 E,
530 4421 632 4470 audivit
645 4429 672 4470 tu
682 4423 706 4471 ai
717 4423 746 4474 P.
