3125 4942
465 365 529 413 nm.
554 365 594 412 nr
618 365 689 413 cnr.
713 367 837 414 ΗΠ
861 348 901 434 ἐξ
926 352 1061 414 25-30.
1302 351 1340 412 11

181 502 315 582 viribus,
334 526 401 568 non
423 504 565 586 deorum,
587 515 701 593 estque
724 507 758 572 in
782 531 820 573 ea
844 509 905 573 iste
928 509 1020 594 quasi
1043 529 1222 585 consensor,
1245 529 1344 593 quam

182 605 398 687 συμπάθειαν
412 607 525 674 Graeci
540 620 675 690 vocant;
696 611 753 676 sed
769 635 816 690 ea,
831 635 895 697 quo
911 635 970 676 sua
984 619 1099 698 sponte
1115 611 1218 697 major
1232 618 1290 688 est,
1305 633 1343 673 θο

181 711 292 776 minus
306 711 418 778 divina
431 714 555 779 ratione
570 715 640 778 fieri
655 715 872 780 existimanda
886 724 944 780 est.

249 813 328 881 XII.
366 815 429 879 Illa
439 825 559 893 autem,
570 838 654 902 quee
667 816 850 881 Carneades
867 816 1032 892 afferebat,
1042 839 1140 902 quem
1155 815 1197 880 ed
1212 815 1343 880 modurn
1357 820 1394 880 20

149 931 167 991 5
183 915 381 981 dissolvitis?
403 917 431 980 si
447 919 575 982 nullum
589 939 705 1003 corpus
719 917 903 982 immortale
924 917 975 994 sit,
996 917 1124 981 nullum
1143 939 1211 982 esse
1230 939 1344 1002 corpus

183 1021 437 1105 sempiternum
463 1043 577 1106 corpus
603 1030 716 1085 autem
739 1020 923 1084 immortale
944 1019 1072 1084 nullum
1096 1042 1173 1098 esse,
1197 1042 1239 1084 ne
1261 1020 1344 1085 indi-

184 1123 321 1188 viduum
341 1124 483 1209 quidem,
504 1146 565 1189 nee
583 1123 670 1209 quod
691 1123 802 1188 dirimi
822 1123 998 1188 distrahive
1019 1147 1084 1188 non
1104 1123 1215 1209 possit.
1260 1125 1345 1210 Ergo

183 1225 310 1302 itidem,
322 1227 350 1290 si
365 1249 460 1292 omne
475 1227 597 1292 animal
612 1227 713 1291 secari
728 1249 766 1290 ac
780 1227 882 1290 dividi
898 1235 1013 1312 potest,
1025 1226 1153 1290 nullum
1169 1236 1219 1291 est
1234 1249 1344 1292 eorum

184 1328 400 1407 individuum,
415 1331 542 1395 nullum
558 1339 736 1395 aeternum.
768 1329 919 1415 Cumque
932 1351 1027 1394 omne
1039 1329 1160 1394 animal
1175 1330 1344 1415 patibilem

132 1455 170 1494 ιο
185 1442 338 1498 naturam
361 1434 491 1511 habeat,
513 1435 642 1498 nullum
666 1441 716 1498 est
741 1455 863 1510 eorum,
886 1432 974 1518 quod
1003 1433 1138 1519 effugiat
1167 1432 1343 1520 accipiendi

184 1537 310 1623 aliquid
322 1538 530 1616 extrinsecus,
543 1538 576 1603 id
588 1538 739 1623 estquasi
753 1537 876 1602 ferendi
892 1545 926 1600 et
940 1537 1095 1622 patiendi,
1109 1539 1343 1617 necessitatem,

185 1650 228 1716 et,
243 1641 272 1705 si
286 1663 382 1706 omne
397 1641 519 1706 animal
538 1641 606 1706 tale
626 1651 687 1722 est,
704 1639 889 1705 immortale
908 1639 1036 1704 nullum
1052 1650 1119 1718 est;
1141 1641 1233 1725 atqui
1248 1663 1344 1706 omne

185 1745 308 1810 animal
331 1745 372 1809 ad
396 1745 617 1830 accipiendam
643 1745 710 1808 iim
736 1753 906 1809 externam
936 1752 970 1809 et
999 1743 1163 1808 ferendam
1194 1753 1344 1830 paratum

185 1859 236 1914 eet
246 1873 255 1928 ;
279 1848 415 1914 mortale
433 1849 535 1935 igitur
554 1871 649 1914 omne
664 1849 788 1914 animal
808 1856 842 1913 et
860 1846 1047 1914 dissolubile
1066 1854 1100 1912 et
1115 1847 1286 1911 dividuum
1301 1848 1344 1912 sit

134 1973 316 2034 15necesse
334 1960 393 2016 est.
436 1952 486 2016 Ut
506 1951 603 2029 enim,
623 1952 651 2016 si
669 1952 776 2016 omnis
796 1974 870 2016 cere
893 1951 1133 2016 commutabilis
1151 1959 1243 2029 esset,
1262 1951 1342 2015 nihil
1357 1961 1397 2020 30

186 2063 270 2119 esset
284 2077 421 2133 cereum,
436 2055 524 2141 quod
538 2056 730 2121 commutari
745 2077 811 2120 non
826 2065 942 2141 posset,
955 2055 1035 2119 item
1050 2054 1134 2118 nihil
1146 2063 1343 2140 argenteum,

185 2158 269 2222 nihil
291 2181 438 2239 aeneum,
465 2159 494 2224 si
517 2161 755 2226 commutabilis
780 2171 866 2226 esset
891 2168 1011 2225 natura
1035 2160 1161 2245 argenti
1183 2169 1218 2225 et
1240 2160 1341 2225 aeris:

185 2263 337 2330 similiter
350 2265 457 2350 igitur,
474 2266 501 2330 si
517 2288 562 2344 eo,
579 2267 732 2352 equibus
747 2274 898 2331 constant
912 2265 1021 2330 omnia
1036 2285 1120 2350 quae
1135 2272 1220 2342 sunt
1236 2273 1343 2329 muta-

185 2365 265 2430 bilia
284 2374 369 2444 sunt,
384 2368 513 2434 nullum
532 2391 646 2454 eorpus
667 2393 736 2434 esse
756 2377 865 2455 potest
886 2392 950 2433 non
971 2367 1149 2448 mutabile;
1171 2367 1344 2432 mutabilia

132 2493 171 2533 20
184 2479 296 2535 antem
319 2480 397 2536 sunt
418 2473 482 2551 illa,
507 2495 547 2538 ex
570 2473 690 2558 quibus
710 2473 820 2538 omnia
841 2481 999 2548 constant,
1022 2479 1061 2536 ut
1082 2470 1173 2536 vobis
1195 2471 1342 2551 videtur;

184 2599 280 2640 omne
305 2577 408 2662 igitur
428 2600 543 2663 eorpus
564 2578 725 2643 mutabile
747 2585 806 2642 est.
850 2578 897 2642 At
919 2577 948 2641 si
969 2583 1054 2642 esset
1077 2598 1191 2661 corpus
1212 2575 1342 2660 aliquod

183 2679 377 2758 immortale,
402 2703 468 2746 non
494 2689 579 2746 esset
604 2704 700 2747 omne
727 2680 905 2761 mutabile3
936 2680 984 2744 ita
1009 2679 1156 2757 efficitur,
1183 2688 1223 2745 ut
1247 2701 1343 2744 omne

184 2805 300 2869 corpus
314 2784 450 2850 mortale
465 2783 516 2849 sit.
562 2785 695 2850 Etenim
713 2806 809 2849 omne
827 2805 941 2869 corpus
962 2791 1124 2869 antequa
1143 2791 1202 2848 aut
1216 2789 1271 2848 adr
1286 2790 1344 2847 aut

184 2887 271 2971 ignis
292 2895 351 2952 aut
370 2894 457 2951 terra
476 2895 605 2952 estant
628 2887 672 2966 id,
696 2887 783 2972 quod
806 2896 857 2952 est
878 2895 1065 2951 concretum
1087 2909 1127 2950 ex
1149 2887 1200 2950 his
1222 2893 1282 2950 aut
1303 2907 1343 2950 ex

131 3015 170 3074 ²5
184 2989 296 3076 aliqua
324 2998 417 3075 parte
447 3012 558 3054 eorum
570 3014 578 3070 ;
606 2989 723 3054 horum
752 2999 865 3055 autem
896 2988 978 3053 nihil
1005 2995 1063 3066 est,
1089 2988 1169 3074 quin
1195 2987 1343 3055 intereat.

185 3275 229 3324 XB
240 3274 340 3332 0114,
351 3275 538 3324 continerentur
550 3277 640 3324 'mv
651 3274 747 3323 Heind,
759 3275 806 3324 Ba.
917 3277 1192 3337 cohaeret-permanet
1208 3287 1256 3321 uss
1270 3287 1343 3335 gene·

185 3357 261 3420 rally,
271 3359 582 3420 cohaereat-permoneat
593 3356 655 3408 Red
670 3357 767 3406 Heind.
778 3359 826 3406 Ba.

235 3441 251 3488 2
267 3437 419 3500 συμπάθειαν
435 3439 512 3502 Edd,
529 3441 698 3504 sympathiam
714 3439 764 3500 Pa,
784 3439 950 3504 sympolluam
963 3439 1034 3500 ΑΟΙ,
1053 3437 1229 3500 simpaliomB
1241 3437 1298 3489 Oxi.
1312 3443 1341 3501 V,

184 3525 332 3588 mapalium
341 3521 397 3573 EV.
522 3523 604 3572 tillo
614 3537 664 3572 uss
674 3522 813 3585 generally,
827 3523 901 3571 illam
911 3520 976 3570 NV.
1091 3521 1173 3570 deme
1186 3535 1271 3583 emptu
1283 3535 1342 3584 uss,

185 3619 237 3656 me
248 3604 345 3654 animal
361 3603 408 3653 Ba.
420 3603 487 3654 atter
498 3603 585 3654 Madv.
700 3607 715 3657 7
732 3612 950 3668 eruo-oeternum
965 3603 1031 3654 aiter
1046 3604 1186 3652 immortale
1198 3605 1295 3654 nullam
1307 3613 1344 3654 eet

187 3687 240 3752 (12)
252 3684 280 3734 in
291 3683 328 3734 all
343 3698 393 3734 uss
407 3684 460 3734 and
475 3683 544 3746 edd,
564 3701 621 3748 ereo
638 3685 661 3736 is
677 3684 815 3736 bracketed
832 3685 865 3748 by
876 3685 920 3736 Or.
934 3685 981 3736 Ba.
1083 3684 1114 3732 12
1130 3699 1198 3734 omae
1215 3687 1345 3736 animal-

185 3768 274 3816 itidem
285 3768 309 3816 η’
320 3766 357 3830 (8)
368 3779 420 3814 om.
432 3765 465 3813 V¹
478 3765 536 3816 Orf.
550 3769 625 3815 m.
708 3767 758 3815 tale
775 3764 880 3826 Heind.,
894 3779 946 3813 om.
958 3765 1013 3825 EG,
1029 3765 1131 3812 mortale
1143 3777 1193 3812 uss
1203 3764 1342 3828 generally.

188 3850 220 3897 13
230 3847 364 3911 serendam
375 3846 434 3895 Oxi.
445 3847 600 3898 IOBVA¹V¹
612 3847 683 3909 Βοὴ,
697 3849 836 3912 furendam
847 3846 1012 3906 A¹BOEPV¹,
1021 3847 1160 3909 ferundam
1171 3847 1213 3896 Or.
1227 3847 1275 3897 Ba.
1288 3848 1341 3899 Mu.

187 3929 246 3994 (but
255 3928 293 3978 all
302 3927 360 3990 gire
365 3929 467 3991 ferendi
478 3927 507 3978 in
519 3928 569 3993 11).
668 3929 700 3979 18
715 3931 739 3979 ai
750 3944 781 3979 eo
793 3945 806 3978 e
818 3931 907 3992 quitus
918 3935 1033 3978 cautam
1044 3929 1129 3977 omnia
1140 3943 1203 3990 quoe
1215 3937 1273 3978 suot
1284 3929 1344 3990 Eu,

185 4013 210 4062 εἰ
220 4013 481 4074 numquamne
496 4014 586 4074 quibua
600 4020 691 4062 cuneta
706 4019 821 4062 comtum
837 4026 886 4062 mss
904 4012 967 4074 (Mn
985 4010 1103 4061 brsekets
1119 4026 1183 4074 quoe
1198 4019 1264 4073 ruat,
1283 4012 1342 4063 Seh.

186 4089 271 4140 would
287 4089 321 4139 do
336 4089 382 4139 the
398 4103 470 4140 mmo
486 4105 516 4139 or
531 4089 595 4140 read
609 4093 633 4140 ri
649 4093 734 4140 omnia
750 4107 763 4140 e
780 4093 871 4154 quibos
890 4107 955 4156 quoe
970 4097 1028 4140 mar
1045 4098 1135 4140 cunata
1151 4097 1265 4139 corutum
1281 4090 1344 4139 with

187 4169 305 4233 nemu),
317 4173 342 4220 a·
356 4185 387 4220 ιιι
401 4185 414 4220 e
429 4173 518 4234 quibam
529 4180 620 4222 cuncta
634 4179 751 4222 comunt
764 4172 822 4230 Ba,
834 4174 857 4222 ai
872 4175 958 4227 omnia
970 4187 982 4220 a
996 4173 1086 4234 quibua
1102 4178 1193 4222 mmm
1207 4187 1271 4234 quoe
1286 4179 1345 4220 rant

186 4261 302 4304 mutuat
314 4253 390 4315 Dav..
402 4256 426 4302 η’
441 4269 472 4303 ea
487 4271 518 4304 ex
533 4257 624 4319 quibas
637 4258 722 4306 omnio
736 4263 852 4306 comtum
869 4257 978 4329 Kayser.
1092 4254 1124 4302 24
1141 4255 1181 4302 lu's
1197 4252 1264 4302 Bne
1283 4251 1342 4304 seh.

189 4336 252 4394 hin..
269 4337 303 4385 iia
315 4335 412 4385 A¹cvr
423 4335 466 4385 Or.
478 4337 525 4386 Ba.
