3125 4942
279 418 299 478 t
662 432 709 480 ns
731 432 873 482 urruns
896 433 1050 482 osonum

279 579 387 658 Quam
409 577 515 643 simile
533 577 621 642 istud
642 578 694 656 sit,
712 579 830 663 inquit,
851 588 888 644 tu
913 579 1038 644 videris.
1083 579 1171 643 Nam
1190 601 1249 663 ego
1272 599 1378 662 neque
1401 575 1437 638 in

281 684 393 760 causis,
419 683 447 747 si
476 682 555 768 quid
586 690 636 746 est
661 682 803 760 evidens,
834 684 874 747 de
904 705 969 768 quo
999 683 1086 747 inter
1115 703 1226 747 omnes
1256 678 1436 755 conveniat,

280 786 501 874 argumentari
516 785 620 864 soleo;
641 785 855 870 perspicuitas
871 786 959 850 enim
975 785 1256 871 argumentatione
1272 784 1437 858 elevatum

282 913 351 967 nec,
375 889 403 955 si
428 890 462 953 id
488 889 627 953 facerem
652 888 688 951 in
711 889 816 953 causis
840 889 1028 966 forensibus,
1051 889 1139 953 idem
1162 889 1300 953 facerem
1322 887 1357 951 in
1378 886 1439 951 hac

282 992 465 1058 subtilitate
487 991 651 1056 sermonis.
695 990 763 1056 Cur
785 992 944 1057 coniveres
966 1000 1078 1057 autem
1100 991 1201 1056 altero
1224 991 1324 1067 oculo,
1344 1009 1440 1053 causa
1474 1009 1491 1068 5
1544 983 1545 988 ’

283 1115 349 1157 non
374 1100 468 1168 esset,
493 1113 568 1155 cum
593 1089 681 1155 idem
707 1090 842 1156 obtutus
865 1102 949 1157 esset
975 1094 1153 1169 amborum,
1176 1101 1209 1157 et
1235 1111 1439 1156 cumrerum

283 1205 407 1275 natura,
425 1219 523 1282 quam
544 1205 582 1261 tu
605 1197 786 1282 sapientem
807 1219 876 1262 esse
897 1198 954 1274 vis,
977 1198 1041 1262 duo
1061 1198 1188 1262 lumina
1207 1197 1249 1261 ab
1271 1191 1379 1261 animo
1398 1194 1439 1259 ad

283 1301 391 1364 oculos
406 1299 567 1384 perforata
582 1321 639 1364 nos
655 1300 773 1364 habere
789 1301 952 1365 voluisset.
997 1301 1063 1367 Sed
1081 1301 1158 1387 quia
1177 1323 1242 1364 non
1253 1298 1440 1364 confidebas

284 1413 354 1470 tem
369 1425 437 1468 esse
452 1402 487 1467 id
507 1403 725 1488 perspicuum,
740 1425 840 1489 quam
855 1412 892 1468 tu
908 1405 1016 1484 velles„
1033 1415 1205 1491 propterea
1220 1403 1332 1468 multis
1347 1424 1440 1487 argu-

285 1505 404 1571 mentis
418 1505 495 1570 deos
510 1528 579 1570 esse
594 1504 708 1570 docere
724 1506 865 1572 voluisti.
910 1508 995 1572 Mihi
1012 1509 1099 1573 enim
1115 1531 1218 1572 unum
1234 1516 1283 1572 sat
1299 1516 1378 1583 erat,
1394 1505 1442 1570 ita
1458 1529 1496 1566 ro

285 1609 378 1674 nobis
392 1609 529 1695 majores
545 1618 668 1673 nostros
685 1609 860 1674 tradidisse.
896 1609 960 1675 Sed
975 1619 1013 1676 tu
1029 1611 1238 1676 auctoritates
1253 1609 1441 1687 contemnis,

238 1710 409 1780 roratione
432 1732 567 1797 pugnas.
611 1710 728 1775 Petere
754 1711 857 1796 igitur
880 1712 1039 1777 rationem
1070 1736 1118 1778 me
1148 1735 1255 1778 meam
1280 1734 1355 1777 cum
1385 1720 1443 1776 tua

286 1814 411 1879 ratione
426 1813 628 1880 contendere.
672 1815 779 1878 Affers
799 1815 880 1879 haec
898 1815 1007 1879 omnia
1025 1823 1225 1900 argumente,
1240 1838 1297 1880 cur
1314 1815 1348 1879 di
1368 1813 1444 1890 sint,

286 1939 420 2002 remque
438 1939 512 1981 mea
530 1917 695 1980 sententia
716 1916 852 1981 minime
875 1917 1010 1982 dubiam
1032 1918 1287 2004 argumentando
1310 1917 1444 1981 dubiam

286 2020 372 2084 sacis.
410 2020 565 2084 Mandavi
580 2021 668 2085 enim
682 2021 938 2086 memoriaenon
954 2045 1125 2087 numerum
1140 2023 1255 2102 solum,
1272 2022 1327 2086 sed
1342 2019 1443 2086 etiam
1462 2049 1499 2108 15

287 2125 435 2190 ordinem
458 2134 723 2211 argumentorum
752 2134 892 2191 tuorum.
937 2127 1083 2192 Primum
1113 2127 1184 2205 suit,
1213 2149 1288 2190 cum
1317 2125 1445 2190 caelum

288 2228 549 2313 suspexissemus,
571 2229 684 2294 statim
702 2251 761 2293 nos
783 2229 972 2316 intellegere
994 2253 1062 2295 esse
1080 2229 1209 2316 aliquod
1230 2251 1360 2309 numen,
1380 2250 1446 2313 quo

289 2332 369 2396 haec
383 2340 544 2417 regantur.
590 2331 640 2395 Ex
654 2333 715 2396 hoc
729 2332 811 2396 illud
827 2333 945 2398 etiam:

324 2487 446 2559 Aspice
464 2487 524 2541 hoc
542 2487 685 2542 sublime
706 2487 861 2556 candens,
879 2505 974 2559 quem
993 2490 1152 2545 invocant
1169 2506 1280 2544 omnes
1298 2489 1315 2542 J
1321 2505 1421 2542 ovem.

241 2627 277 2685 11
290 2622 391 2702 Quasi
405 2644 480 2687 vero
494 2623 666 2720 quisquam
686 2632 834 2689 nostrum
854 2625 954 2692 istum
975 2627 1084 2713 potius
1105 2649 1203 2714 quam
1225 2626 1447 2712 Capitolinum
1465 2654 1504 2691 κο

290 2725 313 2790 J
315 2747 409 2791 ovem
424 2727 567 2811 appellet
583 2735 641 2793 aut
655 2728 716 2792 hoc
735 2729 943 2815 perspicuum
958 2730 1000 2795 sit
1016 2739 1205 2817 constetque
1220 2731 1306 2797 inter
1325 2751 1448 2806 carnee,

290 2853 344 2894 eos
356 2852 423 2895 esse
439 2830 523 2908 dece,
535 2854 616 2916 quos
628 2831 690 2896 tibi
701 2832 846 2897 Velleius
859 2833 1020 2918 multique
1035 2842 1201 2919 praeterea
1211 2857 1252 2899 ne
1264 2834 1449 2898 animantes

291 2933 423 3019 quidem
447 2957 515 3000 esse
538 2935 725 3000 concedant.
771 2937 877 3002 Grave
900 2938 1000 3005 etiam
1023 2947 1252 3024 argumentum
1275 2937 1336 3002 tibi
1358 2937 1450 3000 vide·
1544 3011 1545 3020 ἵ

290 3037 396 3115 betur,
421 3037 508 3123 quod
531 3038 639 3123 opinio
662 3039 703 3104 de
727 3039 776 3104 dis
802 3040 1039 3106 immortalibus
1066 3050 1100 3106 et
1126 3042 1270 3106 omnium
1300 3049 1385 3106 esset
1415 3051 1451 3106 et

291 3139 410 3206 cotidie
431 3150 595 3206 cresceret.
642 3142 753 3207 Placet
773 3143 874 3228 igitur
896 3152 1005 3209 tantas
1028 3166 1078 3212 res
1101 3144 1251 3230 opinione
1274 3143 1447 3209 stultorum
1466 3174 1481 3211 2
1487 3171 1503 3230 5
1543 3177 1545 3198 r

287 3242 436 3327 judicari,
452 3243 543 3308 vobis
558 3245 756 3330 praesertim,
772 3247 830 3331 qui
845 3246 917 3311 illos
931 3249 1061 3312 insanos
1073 3269 1141 3313 esse
1153 3247 1289 3312 dicatisi
1333 3247 1371 3311 V.
1402 3246 1451 3311 At

292 3348 381 3412 enim
396 3358 581 3435 praesentes
596 3349 745 3415 videmus
759 3350 846 3428 deos,
863 3358 901 3415 ut
916 3352 1003 3437 apud
1025 3350 1189 3436 Regillum
1205 3349 1400 3428 Postumiae,
1415 3349 1451 3413 in

293 3454 418 3520 Salaria
432 3455 585 3520 Vatinius
593 3479 603 3535 ;
624 3455 731 3520 nescio
747 3455 826 3541 quid
842 3455 942 3520 etiam
957 3455 997 3520 de
1014 3455 1186 3521 locrorum
1206 3454 1293 3542 apud
1315 3455 1451 3541 Sagram

293 3685 433 3747 generally,
452 3693 476 3735 et
491 3701 541 3736 noa
555 3688 636 3736 attero
652 3690 782 3737 coniveant
798 3703 850 3737 om.
863 3687 942 3738 Cobet
960 3687 1017 3752 (Ba.
1028 3691 1104 3737 notes
1121 3687 1180 3736 that
1197 3684 1241 3737 the
1255 3685 1323 3735 word
1339 3685 1362 3734 is
1379 3685 1452 3735 often

294 3765 439 3828 corrupted,
453 3781 484 3816 as
497 3767 527 3815 in
542 3768 624 3816 11143
639 3771 823 3830 contuentibus,
838 3771 916 3819 Catil.
928 3785 950 3818 rr
962 3771 1002 3831 27,
1016 3770 1077 3831 Lep.
1092 3771 1152 3831 Apa
1165 3767 1450 3830 1177,Hemep.Resp.

293 3849 326 3896 38
337 3847 390 3896 and
402 3849 453 3909 52).

343 3931 358 3976 2
375 3931 465 3992 dequo
477 3931 787 3992 interommeconvmiat,
800 3947 851 3982 om.
865 3933 945 3982 Cobet
959 3934 988 3982 V.
997 3935 1030 3981 L.
1042 3947 1067 3994 p.
1077 3933 1135 3982 463.
1224 3931 1239 3980 5
1256 3932 1382 3981 coniveres
1394 3929 1453 3979 edd.

294 4009 361 4058 alter
373 4009 470 4067 Meda,
488 4018 615 4061 contereres
629 4011 780 4070 ABGPV¹B,
796 4015 948 4063 contuererie
963 4013 1022 4062 EV'
1033 4013 1091 4063 Oxi.
1104 4017 1194 4064 ΕΜ.
1310 4013 1325 4062 9
1341 4013 1417 4060 setta
1435 4015 1455 4060 0

293 4091 351 4144 edd.
370 4093 438 4143 aiter
453 4093 529 4152 Era,
546 4097 609 4144 vetis
626 4109 675 4144 nes
690 4096 785 4158 Dreeg.
804 4098 890 4158 5152.
908 4099 932 4158 2,
952 4111 993 4146 see
1011 4096 1091 4146 below
1107 4099 1120 4156 ἕ
1139 4096 1179 4144 20.
1279 4095 1310 4142 12
1326 4109 1363 4143 me
1375 4109 1456 4143 meam

293 4172 354 4231 Ed..
365 4188 444 4222 meam
458 4187 508 4222 nes
522 4174 576 4223 and
586 4175 644 4226 edd.
654 4191 697 4225 see
708 4177 808 4228 comm.
910 4178 941 4228 19
958 4178 1061 4226 sublime
1074 4191 1131 4236 eres,
1142 4177 1264 4226 sublinere
1276 4175 1335 4226 Sch.
1348 4177 1392 4226 Or.
1404 4177 1452 4227 Be.

293 4271 336 4305 see
347 4271 382 4305 on
393 4271 415 4305 11
425 4257 451 4305 4.
551 4259 660 4307 mntem
671 4259 728 4310 ext
744 4259 864 4323 [BCEP],
878 4261 968 4310 eadem
979 4259 1062 4309 A¹vs
1166 4261 1198 4308 23
1214 4259 1358 4316 concedant,
1370 4273 1456 4308 coace-

293 4338 378 4386 derent
401 4336 506 4399 Kayser.
625 4341 657 4388 25
674 4341 767 4389 cotidie
785 4341 828 4390 GV
845 4341 912 4400 Oxi,
935 4342 1041 4390 cottidie
1060 4341 1113 4398 AB,
1137 4341 1261 4402 quottidie
1279 4339 1312 4388 E.
1423 4341 1456 4390 27

290 4427 436 4484 praesentes
453 4420 669 4484 VffABGEJBoH,
686 4425 822 4485 praescitis
838 4423 872 4474 Vl
890 4424 956 4485 Oxi,
971 4425 1121 4486 praeteritis
1139 4423 1167 4475 P.
1285 4423 1315 4472 28
1335 4421 1457 4471 Vatinius
