3125 4942
254 429 297 490 24
638 444 685 492 on
708 445 850 494 narona
873 446 1027 495 nnoauu.

252 590 371 660 natura
392 602 449 671 est,
469 594 548 680 quid
570 593 667 660 facies
690 594 854 660 nubibus?
897 595 1001 661 Arcus
1023 596 1110 662 enirn
1135 596 1204 683 ipse
1228 595 1410 661 anubibus

254 697 391 764 efficitur
405 696 544 783 quodam
559 695 654 761 modo
674 697 840 778 coloratis3
864 719 1002 784 quarum
1022 719 1088 762 una
1110 699 1210 763 etiam
1231 697 1410 764 Centauros

254 802 415 888 peperisse
438 800 564 866 dicitur.
609 800 733 880 Quodsi
755 801 859 866 nubes
876 801 1042 866 rettuleris
1063 801 1098 866 in
1119 801 1204 882 deos,
1224 801 1409 867 referendae

254 915 340 970 certe
356 913 452 970 erunt
466 911 686 990 tempestates,
698 925 781 988 quae
796 903 908 989 populi
923 903 1063 968 Romani
1078 904 1195 969 ritibus
1210 914 1409 970 consecratae

254 1018 340 1074 sunt.
385 1008 470 1094 Ergo
506 1008 634 1086 imbres,
668 1008 779 1082 nimbi,
814 1008 981 1094 procellae,
1016 1009 1164 1074 turbines
1196 1008 1230 1072 di
1263 1007 1409 1094 putandi
1445 1030 1461 1090 5

255 1113 368 1179 Nostri
382 1112 515 1198 quidem
526 1112 623 1178 duces
638 1135 727 1178 mare
741 1112 960 1198 ingredientes
975 1114 1142 1179 immolare
1155 1113 1294 1179 hostiam
1305 1111 1409 1177 flucti-

204 1221 241 1280 52
254 1216 315 1280 bus
329 1222 534 1280 consuerunt.
578 1215 655 1279 «Jam
670 1215 698 1279 si
713 1224 763 1279 est
777 1215 876 1280 Ceres
891 1239 910 1280 a
924 1217 1065 1301 gerendo
1081 1217 1141 1299 (ita
1156 1217 1241 1281 enirn
1257 1216 1410 1294 dicebas),

254 1328 340 1385 terra
361 1320 432 1404 ipsa
452 1321 513 1384 dea
534 1326 584 1383 est
606 1326 640 1384 et
661 1318 710 1383 ita
732 1318 890 1398 habetur3
913 1340 996 1404 quae
1019 1328 1069 1384 est
1091 1320 1179 1385 enim
1199 1319 1263 1384 alia
1278 1318 1410 1384 Tellus?

255 1423 315 1488 Sin
337 1430 433 1501 terra,
447 1444 535 1487 mare
558 1421 665 1500 etiam,
680 1443 776 1506 quem
802 1421 996 1507 Neptunum
1020 1445 1088 1488 esse
1109 1423 1257 1503 dicebas;
1278 1444 1355 1510 ergo
1377 1430 1411 1487 et

254 1527 391 1591 flumina
413 1535 446 1591 et
469 1526 581 1592 fontes.
627 1527 743 1612 Itaque
759 1533 793 1591 et
807 1527 920 1592 Fontis
935 1526 1104 1592 delubrum
1123 1529 1213 1593 Maso
1228 1551 1268 1594 ex
1285 1527 1409 1594 Oorsica
1427 1553 1466 1591 10

255 1631 424 1709 dedicavit,
454 1640 489 1697 et
517 1631 552 1696 in
586 1653 745 1718 augurum
782 1631 967 1715 precatione
996 1631 1194 1710 Tiberinum,
1225 1632 1412 1718 Spinonem,

254 1736 435 1811 Almonem,
451 1735 629 1812 Nodinum,
644 1735 708 1799 alia
721 1735 974 1820 propinquorum
990 1735 1163 1802 fluminum
1177 1737 1309 1802 nomina
1323 1735 1411 1800 vide·

255 1861 334 1904 mua.
380 1839 464 1925 Ergo
493 1838 553 1904 hoc
582 1846 641 1903 aut
669 1838 703 1902 in
731 1838 926 1902 immensum
952 1846 1069 1924 serpet,
1097 1848 1155 1904 aut
1184 1839 1266 1904 nihil
1295 1840 1410 1905 horum

253 1943 455 2029 recipiemus,
484 1965 544 2007 nee
573 1942 630 2008 illa
658 1942 789 2008 infinita
818 1943 901 2008 ratio
938 1944 1176 2030 superstitionis
1212 1943 1409 2031 probabitur.

254 2045 348 2109 Nihil
371 2069 446 2132 ergo
468 2046 585 2111 horum
607 2046 813 2131 probandum
837 2054 895 2112 est.
1428 2071 1464 2129 15

201 2155 239 2214 tl
319 2149 442 2214 XXIV.
483 2149 574 2215 Num
596 2171 707 2215 censes
726 2149 827 2235 igitur
847 2150 1015 2215 subtiliore
1033 2152 1157 2216 ratione
1177 2173 1257 2238 opus
1279 2173 1346 2216 esse
1369 2151 1409 2216 ad

253 2252 334 2318 haec
356 2252 552 2318 refellendal
597 2253 684 2317 Nam
707 2261 860 2330 mentem,
881 2252 990 2332 fidem,
1012 2276 1110 2338 spem,
1124 2254 1292 2334 virtutem,
1312 2255 1410 2319 hono-

254 2381 334 2437 rem,
352 2358 526 2436 viotoriam,
541 2358 689 2436 salutem,
704 2358 906 2424 concordiam
923 2368 1093 2446 ceteraque
1109 2358 1282 2444 ejusmodi
1302 2381 1408 2424 rerum

254 2464 322 2528 vim
353 2462 471 2528 habere
500 2462 656 2541 videmus,
686 2485 751 2529 non
780 2463 923 2529 deorum.
968 2465 1038 2528 Aut
1068 2463 1155 2528 enim
1185 2463 1219 2527 in
1249 2464 1411 2528 nobismet

254 2566 368 2630 insunt
389 2565 475 2651 ipsis,
496 2573 534 2630 ut
556 2587 658 2643 mens,
674 2575 712 2632 ut
732 2589 814 2652 spes,
830 2578 868 2632 ut
888 2567 977 2644 fides,
992 2576 1031 2632 ut
1048 2567 1162 2648 virtus,
1178 2576 1216 2632 ut
1236 2567 1410 2644 concordia,
1426 2595 1466 2634 20
1552 2601 1553 2608 ¹

255 2680 313 2736 aut
328 2672 489 2757 optandae
503 2670 596 2736 nobis
610 2680 696 2749 sunt,
710 2680 750 2737 ut
764 2673 877 2752 honos,
892 2680 931 2737 ut
945 2673 1040 2750 salus,
1052 2681 1090 2738 ut
1101 2673 1236 2738 victoria
1244 2697 1252 2753 ;
1274 2694 1410 2758 quarum

255 2798 361 2841 rerum
392 2775 569 2840 utilitatem
599 2775 702 2854 video,
732 2776 827 2841 video
863 2777 963 2842 etiam
1000 2786 1184 2843 consecrata
1219 2777 1409 2856 simulacra;

255 2899 354 2963 quare
375 2886 486 2943 autem
502 2877 537 2941 in
551 2877 592 2942 iis
606 2877 655 2942 vis
672 2877 806 2943 deorum
827 2879 914 2956 insit,
935 2888 1005 2944 tum
1030 2879 1227 2965 intellegam,
1242 2901 1315 2944 eum
1338 2901 1410 2966 cog-

255 3003 381 3046 novero.
425 2981 498 3061 Quo
524 2981 560 3046 in
581 3004 699 3068 genere
721 2982 773 3046 vel
800 2980 941 3047 maxime
968 2990 1019 3047 est
1047 2982 1178 3048 fortuna
1202 2983 1410 3062 numeranda,

255 3107 354 3170 quam
376 3107 472 3150 nemo
487 3085 530 3150 ab
544 3085 763 3151 inconstantia
777 3093 812 3150 et
827 3086 1014 3152 temeritate
1034 3085 1192 3173 sejunget,
1208 3108 1291 3172 quae
1311 3085 1410 3172 digna
1427 3113 1465 3171 ²5

204 3196 242 3257 62
255 3198 342 3254 certe
357 3211 423 3254 non
437 3196 515 3254 sunt
530 3189 600 3254 deo.
645 3188 668 3254 J
668 3211 722 3253 am
737 3210 812 3254 vero
832 3189 911 3274 quid
927 3211 982 3255 vos
1002 3190 1059 3254 illa
1078 3188 1219 3256 delectat
1238 3189 1411 3275 explicatio

255 3293 437 3359 fabularum
463 3304 498 3360 et
522 3293 674 3358 enodatio
697 3293 892 3358 nominum?
937 3294 1111 3360 Exsectum
1133 3317 1154 3359 a
1175 3294 1241 3359 lilio
1265 3295 1409 3366 Caelum,

256 3397 402 3460 'vinctum
420 3396 535 3462 itidem
553 3420 574 3461 a
590 3396 658 3462 filio
680 3397 868 3474 Saturnum,
883 3395 964 3460 haec
984 3406 1018 3461 et
1039 3397 1103 3462 alia
1121 3396 1248 3483 generis
1266 3396 1411 3483 ejusdem

255 3502 304 3567 ita
325 3501 507 3580 defenditis,
527 3512 566 3566 ut
588 3502 620 3580 ii,
640 3501 699 3588 qui
720 3501 784 3566 ista
806 3500 979 3578 finxerunt,
1001 3524 1066 3566 non
1090 3502 1184 3567 modo
1207 3525 1271 3566 non
1294 3503 1410 3582 insani,

305 3713 454 3762 accuratu
471 3710 528 3761 edd.
548 3711 616 3761 altar
632 3711 707 3773 Dav,
726 3712 851 3760 coloratur
868 3724 926 3760 nas.
1028 3713 1043 3762 7
1060 3717 1215 3772 amnuerunt,
1235 3721 1412 3762 conrueoemat

255 3793 343 3844 Ilm
358 3793 418 3846 Soh.
513 3797 570 3857 jam
586 3793 660 3858 [B]P,
677 3801 729 3844 tam
746 3793 892 3852 GEVBEH,
911 3799 963 3842 tam
978 3793 1000 3841 Δ
1016 3792 1045 3841 in
1062 3806 1113 3842 ras.
1213 3795 1228 3844 9
1246 3809 1314 3844 mare
1330 3795 1408 3858 Bon,

255 3884 336 3926 mter
345 3876 504 3928 aoEPvau
515 3877 616 3930 Orias.
726 3876 757 3925 10
773 3878 847 3925 Maro
858 3873 915 3924 edd.
927 3876 994 3926 altar
1004 3875 1066 3925 Ant.
1078 3875 1249 3938 nugauinus,
1267 3879 1353 3927 Marna
1363 3891 1412 3926 rrae

255 3957 395 4021 generally.
510 3959 542 4006 la
558 3961 686 4008 Almonem
697 3956 755 4007 edd.
769 3957 836 4006 after
851 3955 971 4014 Ursinus,
989 3971 1131 4006 anemmrem
1141 3970 1189 4005 rrss
1200 3957 1338 4019 generally,
1355 3961 1412 4008 aal-

256 4055 324 4089 enem
334 4039 387 4090 (3²12
397 4037 489 4089 Iramb.
502 4039 647 4090 Swainaon.
746 4040 777 4089 13
796 4040 883 4088 hanam
894 4037 1045 4098 GEWO,
1064 4041 1183 4089 honoram
1193 4038 1278 4096 nau,
1296 4041 1413 4090 bononem

256 4122 286 4171 P.
386 4123 417 4171 18
433 4122 486 4184 &aaa
497 4123 564 4172 madi
575 4134 625 4171 uss
638 4121 775 4184 generally,
794 4123 867 4184 bajus
881 4137 912 4173 m.
927 4121 1019 4174 Bm.
1122 4122 1153 4172 19
1169 4129 1215 4172 aut
1225 4124 1291 4172 enim
1301 4123 1412 4187 [ABGE]

256 4204 315 4255 Oxl.
326 4203 367 4266 V‘,
387 4211 471 4254 autem
481 4205 547 4254 enim
558 4202 621 4253 ΡΨ.
729 4203 757 4251 21
776 4210 806 4252 at
817 4205 886 4252 salua
897 4211 926 4253 at
937 4202 990 4266 [X],
1009 4204 1078 4251 salua
1089 4206 1112 4253 Ε
1124 4203 1182 4252 Oxl.
1291 4205 1323 4253 22
1339 4207 1412 4255 ratib-

255 4295 333 4339 tatem
342 4289 415 4338 video
425 4289 499 4338 video
512 4287 558 4351 [X]
568 4285 625 4338 edd.
637 4287 705 4338 alter
715 4285 855 4348 Victorius,
874 4289 987 4336 utilitate
998 4287 1071 4335 video
1083 4289 1173 4336 10111
1183 4284 1241 4335 Oxf.
1335 4289 1367 4336 23
1383 4291 1413 4339 in

179 4413 184 4423 .
255 4370 289 4418 ita
306 4367 350 4417 OV
363 4368 410 4418 Or.
423 4367 471 4418 Ba¹
487 4367 550 4429 Ma,
569 4369 598 4416 in
615 4368 654 4417 lu'a
670 4366 738 4416 BEP
755 4365 816 4418 ach.
940 4365 973 4416 26
989 4367 1127 4430 explicatio
1156 4363 1325 4432 [anPJwrro
1342 4367 1412 4430 Oxi,

256 4451 399 4516 exploratio
409 4450 433 4499 A
446 4448 488 4500 ‘in
499 4448 560 4498 raa’
572 4449 614 4511 V¹,
632 4450 778 4512 explanatio
790 4448 838 4504 CB.
1304 4485 1307 4492 .
