3125 4942
381 1300 433 1375 M.
471 1301 673 1378 TULLII
717 1302 1038 1380 CICERONIS

233 1542 341 1648 DE
402 1541 745 1652 NATURA
810 1543 1179 1654 DEORUM.

567 1851 821 1863 ——n

450 2058 641 2134 LIBER
683 2059 958 2135 TERTIUS.

191 2242 219 2307 I.
264 2242 366 2322 QUAE
392 2266 468 2307 cum
491 2243 613 2309 Balbus
639 2244 781 2318 dixisset,
807 2251 879 2307 turn
901 2243 1045 2307 arridens
1069 2242 1175 2318 Cotta,
1199 2235 1315 2317 Ser0,'1

124 2343 245 2427 inquit,
272 2344 362 2421 mihi,
385 2344 497 2421 Balbe,
527 2345 694 2430 praecipis,
716 2345 795 2430 quid
821 2345 1000 2409 defendam.
1046 2345 1115 2428 Ego
1139 2343 1226 2407 enim
1252 2350 1285 2406 te

124 2445 324 2531 disputante,
340 2448 420 2533 quid
440 2457 552 2514 contra
573 2449 723 2527 dicerem,
739 2471 866 2513 mecum
883 2449 951 2533 ipse
972 2447 1161 2525 meditabar,
1180 2469 1285 2532 neque

126 2557 197 2613 tam
220 2551 387 2615 refellendi
417 2553 468 2616 tui
491 2574 588 2616 causa
610 2574 709 2637 quam
734 2574 781 2628 ea,
806 2574 888 2636 quae
913 2551 1021 2615 minus
1046 2549 1284 2636 intellegebam,

92 2679 109 2737 5
124 2652 319 2736 requirendi.
352 2654 436 2719 Cum
452 2663 564 2719 autem
578 2676 636 2719 suo
651 2654 769 2740 cuique
779 2654 904 2740 judicio
920 2653 962 2719 sit
977 2653 1144 2730 utendum,
1156 2652 1285 2718 difficile

124 2755 216 2819 factu
240 2757 290 2820 es't
315 2779 368 2820 me
388 2757 422 2821 id
442 2758 571 2836 sentire,
595 2758 682 2843 quod
705 2767 742 2820 tu
766 2757 853 2821 velis,
899 2757 964 2820 Hic
986 2756 1140 2834 Velleius,
1162 2757 1195 2820 N
1198 2756 1315 2833 escis,2

125 2857 243 2945 inquit,
274 2869 399 2944 quanta
428 2884 502 2926 cum
531 2861 781 2947 exspectatione,
811 2861 919 2940 Cotta,
950 2861 1012 2925 siin
1041 2869 1076 2926 te
1105 2860 1284 2926 auditurus

124 2961 298 3026 Jucundus
313 2963 401 3027 enim
416 2964 520 3029 Balbo
534 2974 645 3029 nostro
659 2985 764 3028 sermo
785 2971 862 3027 tuus
881 2971 992 3027 contra
1008 2963 1185 3048 Epicurum
1201 2963 1284 3040 fuit;

124 3064 287 3149 praebebo
308 3065 410 3150 igitur
431 3088 491 3152 ego
514 3089 566 3131 me
589 3067 651 3130 tibi
672 3066 814 3130 vicissim
837 3074 1003 3130 attentum
1025 3074 1137 3130 eontra
1159 3065 1284 3130 Stoicos

69 3199 108 3236 ro
123 3168 315 3234 auditorem.
365 3169 467 3255 Spero
497 3171 585 3234 enim
614 3178 658 3251 te,
688 3179 725 3236 ut
754 3171 844 3248 solea
874 3170 957 3234 bene
986 3177 1136 3256 paratum
1166 3170 1283 3234 venire.

123 3271 212 3336 Tum
235 3270 341 3351 Cotta,
364 3272 418 3340 Sic
439 3273 632 3351 mehercule,
654 3272 770 3358 inquit,
796 3273 920 3356 Vellei3
951 3295 1056 3358 neque
1085 3272 1173 3336 enim
1202 3271 1314 3338 mihio

123 3399 187 3462 par
204 3377 287 3441 ratio
309 3399 384 3442 cum
404 3377 528 3442 Lucilio
549 3386 599 3442 est
618 3400 656 3442 ac
670 3386 780 3442 tecum
803 3377 874 3441 fuit.
918 3376 982 3458 Qui
999 3376 1154 3441 tandem?
1176 3375 1284 3460 inquit

123 3479 189 3545 ille.
233 3480 321 3560 Quia
345 3479 429 3543 mihi
451 3480 582 3545 videtur
605 3481 764 3566 Epicurus
786 3489 893 3546 vester
914 3481 954 3544 de
976 3480 1025 3544 dis
1047 3479 1284 3546 immortalibus

123 3605 191 3646 non
212 3605 407 3668 magnopere
430 3606 592 3669 pugnare3
618 3593 748 3649 tantum
770 3585 866 3649 modo
889 3608 1006 3670 negare
1029 3585 1105 3650 deos
1128 3607 1195 3650 esse
1218 3607 1283 3649 non

69 3717 105 3776 ¹5
123 3685 235 3762 audet,
256 3709 298 3750 ne
320 3686 400 3771 quid
421 3687 563 3752 invidiae
586 3689 701 3752 subeat
723 3697 782 3753 aut
804 3689 955 3754 criminis,
1003 3688 1087 3754 Cum
1109 3711 1185 3754 vero
1207 3688 1283 3753 deos

123 3790 208 3854 nibil
229 3811 333 3875 ogere,
355 3789 439 3853 nihil
462 3812 573 3855 curare
595 3791 765 3856 confirmat
791 3792 1008 3876 membrisque
1033 3793 1184 3856 humanis
1214 3814 1283 3857 esse

123 3895 296 3980 praeditos,
315 3895 373 3961 sed
393 3917 505 3960 eorum
522 3895 742 3961 membrorum
760 3918 856 3961 nsum
877 3896 1005 3960 nullum
1024 3896 1153 3974 habere,
1172 3896 1283 3962 ludere

173 4091 190 4138 2
208 4091 300 4153 inquid
315 4088 348 4138 A¹
365 4090 422 4139 also
438 4089 467 4138 in
484 4091 508 4152 7,
522 4091 562 4152 11,
577 4092 617 4153 12,
630 4106 656 4153 p.
673 4094 688 4139 2
704 4090 723 4139 l.
740 4091 780 4149 12,
798 4090 851 4140 and
867 4090 947 4141 often.
1050 4093 1066 4142 6
1078 4093 1154 4154 foetu
1171 4095 1283 4158 [BVJrro

122 4173 195 4230 Asa,
204 4172 307 4234 sactum
316 4171 423 4223 AGEBG
435 4172 503 4234 0¹1,
515 4174 577 4235 fatu
592 4173 655 4223 Red.
666 4179 696 4226 u.
788 4175 818 4222 11
836 4175 873 4223 ric
889 4172 944 4225 edd.
960 4173 1141 4238 alterumn,
1155 4177 1283 4226 rtABEV

123 4254 150 4303 U
163 4253 223 4304 015.
234 4254 334 4316 nae,
353 4258 408 4304 sinc
428 4255 469 4305 CB
488 4255 562 4315 Rea,
582 4259 627 4307 aed
644 4257 734 4315 Mara,
755 4259 803 4306 sim
823 4255 908 4306 Βοιὼ.
928 4257 1001 4319 Em,
1025 4273 1079 4306 som
1100 4259 1166 4308 GE'r
1185 4259 1282 4309 Heind.

124 4333 158 4382 12
178 4336 315 4398 parratio
334 4349 399 4386 corr.
418 4350 451 4386 ox
464 4338 569 4400 paratio
587 4337 639 4390 AB.
747 4338 777 4386 13
801 4339 864 4401 qula
881 4352 929 4387 nse
948 4337 1087 4401 generally,
1113 4353 1188 4401 quam
1206 4338 1279 4400 VUG,

123 4416 247 4478 quonr'nm
258 4415 316 4467 0¹1.

215 4513 249 4563 n.
265 4513 294 4561 e.
324 4514 374 4562 111.
1178 4502 1194 4560 1
