3125 4942
349 439 415 489 ara.
431 439 473 487 111
495 439 568 490 car.
593 439 886 489 xxxv—xxxma
909 423 1100 508 §tart-91.
1265 421 1307 490 37

147 591 352 669 potestatem.
397 584 573 650 XXXVII.
606 587 654 648 At
669 607 735 648 non
749 607 930 670 numquam
946 585 1046 648 bonos
1061 583 1169 648 exitus
1184 583 1308 648 habent
1320 591 1358 650 89
1405 663 1408 668 Ι

146 689 231 754 boni
274 690 341 754 Eos
361 689 493 775 quidem
515 688 688 775 arripimus
709 690 985 774 attribuimusque
1005 688 1075 753 sine
1094 689 1162 754 ulla
1183 687 1308 753 ratione

145 789 196 855 dis
221 791 469 857 immortalibus.
514 792 564 856 At
591 792 749 878 Diagoras
778 815 853 858 cum
884 793 1127 858 Samothracam
1157 792 1307 871 venisset,

15 934 16 963 ,
146 891 243 964 ἄθεος
264 892 321 959 ille
339 895 398 979 qui
412 894 540 972 dicitur,
554 904 653 980 atque
676 895 707 960 ei
728 895 861 980 quidam
882 895 1005 960 amicus
1026 896 1109 976 ‘Tu,
1130 895 1196 980 qui
1218 895 1306 960 deos

114 1005 262 1081 sputas
288 998 452 1063 humana
481 1001 693 1084 neglegere,
718 1021 843 1063 nonne
873 999 1148 1064 animadvertis
1175 1022 1219 1063 ex
1248 1006 1307 1062 tot

145 1099 291 1165 tabulis
313 1099 439 1186 pictis,
460 1124 568 1187 quam
591 1101 705 1166 multi
723 1103 824 1166 votis
847 1100 921 1165 vim
944 1101 1190 1188 tempestatis
1213 1101 1307 1166 effu-

144 1211 274 1294 gerint
296 1211 335 1275 in
358 1221 587 1297 portumque
609 1212 710 1276 salvi
739 1213 1036 1298 pervenerintt',
1060 1214 1140 1278 ‘Ita
1161 1213 1233 1292 fit',
1256 1213 1307 1277 in-

31 1337 36 1346 ·
144 1315 238 1399 quit;
262 1316 341 1381 ‘illi
362 1317 463 1381 enim
484 1339 670 1403 nusquam
690 1317 785 1402 picti
802 1325 898 1395 sunt,
915 1316 980 1402 qui
996 1318 1197 1404 naufragia
1212 1319 1306 1382 fece-

144 1427 235 1484 runt
259 1421 299 1483 in
325 1422 497 1508 marique
523 1421 736 1507 perierunt?
780 1421 950 1506 Idemque,
976 1444 1050 1486 cum
1078 1422 1109 1486 ei
1137 1420 1306 1507 naviganti

92 1541 131 1579 10
144 1533 290 1589 vectores
314 1524 449 1589 adversa
472 1533 669 1610 tempestate
695 1524 804 1589 timidi
830 1534 864 1590 et
889 1525 1054 1611 perterriti
1075 1525 1219 1590 dicerent
1240 1547 1305 1589 non

143 1627 266 1713 injuria
280 1628 341 1693 sibi
357 1628 438 1694 illud
457 1629 610 1706 accidere,
626 1630 684 1715 qui
701 1630 796 1694 illum
815 1630 849 1694 in
870 1631 1006 1695 eandem
1030 1654 1148 1696 navem
1168 1629 1304 1715 recepis-

143 1740 227 1808 sent,
243 1732 388 1798 ostendit
406 1733 447 1798 iis
466 1733 501 1797 in
519 1733 632 1798 eodem
655 1755 750 1797 cursu
771 1733 893 1798 multas
913 1733 992 1798 alias
1009 1734 1192 1798 laborantes
1207 1755 1304 1818 quae-

143 1834 296 1920 sivitque,
317 1859 398 1900 num
422 1838 522 1902 etiam
544 1836 579 1900 in
601 1836 641 1900 iis
663 1837 801 1901 navibus
827 1836 1002 1922 Diagoram
1024 1836 1101 1900 vehi
1130 1837 1306 1901 crederent.

145 1938 201 2002 Sic
223 1939 312 2003 enim
332 1962 383 2004 res
398 1963 432 2005 se
447 1941 556 2016 habet,
571 1948 609 2005 ut
630 1940 672 2004 ad
694 1962 881 2026 prosperam
903 1938 1111 2004 adversamve
1134 1939 1305 2016 fortunam,

90 2057 128 2117 15
144 2038 252 2123 qualis
277 2041 321 2105 sis
346 2051 405 2107 aut
431 2064 529 2127 quem
554 2042 596 2106 ad
622 2041 756 2106 modum
782 2041 910 2118 vixeris,
935 2041 1019 2105 nihil
1048 2041 1184 2108 intersit.
1229 2039 1305 2104 Non
1318 2045 1355 2102 98

143 2142 420 2224 animadvertunt,
441 2147 558 2233 inquit,
580 2147 689 2212 omnia
710 2144 757 2224 di,
772 2171 815 2212 ne
841 2169 932 2232 reges
958 2147 1098 2233 quidem.
1142 2145 1229 2227 Quid
1256 2153 1305 2210 est

143 2246 277 2313 similet
321 2249 429 2334 Reges
452 2251 540 2315 enim
562 2251 591 2314 si
613 2250 750 2315 scientes
772 2249 1048 2336 praetermittunt,
1071 2272 1189 2335 magna
1210 2251 1306 2336 culpa

144 2362 214 2433 est;
257 2355 452 2420 XXXVIII.
489 2364 525 2420 at
546 2356 607 2421 deo
629 2379 670 2420 ne
694 2356 858 2420 excusatio
881 2355 1013 2440 quidem
1036 2363 1085 2420 est
1109 2354 1305 2419 inscientiae.

144 2459 253 2538 Quem
280 2481 336 2524 vos
361 2461 524 2545 praeclare
548 2459 729 2535 defenditis,
752 2481 827 2522 cum
849 2457 958 2522 dicitis
984 2481 1056 2522 eam
1082 2458 1148 2522 vim
1172 2457 1306 2523 deorum

89 2587 131 2625 20
145 2587 223 2642 erse,
255 2572 303 2642 ut,
333 2564 460 2630 etiamsi
486 2563 560 2650 quis
589 2571 694 2629 morte
719 2585 839 2648 poenas
865 2562 993 2627 sceleris
1023 2562 1184 2648 effugerit,
1210 2584 1305 2649 expe·

146 2675 262 2732 tantur
283 2689 341 2732 eae
361 2688 483 2751 poenae
503 2689 524 2731 a
543 2666 660 2745 liberis,
678 2689 698 2731 a
716 2666 898 2752 nepotibus
915 2689 936 2730 a
952 2667 1098 2751 posteris.
1142 2666 1171 2732 O
1190 2667 1306 2731 miram

145 2769 348 2855 aequitatem
363 2767 515 2833 deorum!
561 2769 717 2834 Ferretne
732 2768 848 2834 civitas
863 2769 932 2834 ulla
948 2770 1084 2834 latorem
1105 2769 1307 2835 istiusmodi

146 2873 236 2959 legis,
266 2882 306 2938 ut
335 2873 604 2938 condemnaretur
631 2874 718 2938 filius
748 2881 808 2938 aut
836 2896 944 2959 nepae,
970 2874 999 2938 si
1028 2883 1122 2960 pater
1147 2883 1205 2940 aut
1228 2899 1307 2940 avus

147 2978 362 3065 deliquisset?

93 3128 131 3187 25
219 3118 361 3185 Quinam
375 3117 631 3173 Tantalidarum
649 3117 875 3172 internecioni
894 3117 1010 3172 modus

218 3207 376 3277 paretur?
399 3209 458 3261 aut
473 3223 634 3276 quaenam
650 3223 805 3275 umquam
822 3205 861 3258 ob
879 3208 1018 3259 mortem
1036 3203 1168 3276 Myrtili

219 3296 335 3366 poenis
352 3294 486 3350 luendis
501 3293 639 3349 dabitur
656 3293 763 3347 satias
780 3291 949 3362 supplici?

148 3435 271 3500 Utrum
300 3440 417 3519 poetae
441 3429 567 3498 Stoicos
592 3429 810 3515 depravarint,
834 3450 877 3492 an
904 3427 1006 3493 Stoici
1031 3425 1137 3512 poe'tis
1159 3423 1309 3489 dederint
1321 3436 1357 3494 91

147 3537 385 3613 auctoritatem,
401 3558 466 3601 non
482 3535 574 3600 facile
590 3533 747 3612 dixerim3
770 3539 923 3618 portenta
942 3530 1031 3594 enim
1051 3529 1093 3594 ab
1111 3527 1257 3612 utrisque
1275 3536 1309 3591 et

93 3664 134 3720 30
148 3640 273 3727 flagitia
302 3639 463 3704 dicuntur.
523 3636 641 3722 Neque
678 3635 777 3714 enim,
808 3657 906 3720 quem
936 3631 1153 3720 Hipponactis
1182 3631 1309 3697 iambus

198 3861 215 3907 2
231 3859 369 3921 arripimioe
379 3855 582 3917 A¹V¹BOEPBO,
596 3855 745 3904 ascribimus
757 3851 824 3900 ΔΨ
835 3851 893 3901 oxf.
905 3854 1004 3901 mv.
1087 3851 1102 3898 3
1119 3851 1310 3900 Sanwthreccm

149 3942 278 4002 inova,
291 3942 476 3991 samothracum
486 3939 515 3998 P,
526 3939 720 3988 aanrottraeiam
730 3935 764 3985 V²
776 3934 834 3983 Oxi.
841 3944 876 3995 4,
889 3934 1064 3983 samotraciam
1075 3931 1107 3982 E.
1207 3930 1223 3977 4
1240 3931 1309 3981 aaa

150 4025 252 4075 Manat.
267 4023 332 4085 Mu,
350 4024 438 4071 atheus
449 4036 498 4070 uss
508 4019 646 4082 generally,
659 4018 703 4068 Or.
717 4016 774 4075 Ba,
791 4017 876 4064 atheos
889 4013 947 4065 Seh.
1055 4014 1213 4062 amiensem.
1227 4011 1267 4069 Al,
1280 4011 1309 4060 in

149 4106 268 4156 brackets
280 4105 324 4154 Or.
335 4105 384 4153 Ba.
482 4104 499 4154 6
514 4104 589 4152 multi
603 4100 726 4165 [ABEV2]
738 4098 807 4160 Ort,
819 4099 906 4147 mattis
918 4095 992 4145 OPV¹
1004 4099 1069 4144 nto.
1176 4094 1208 4142 14
1223 4108 1263 4143 m
1274 4108 1308 4154 se,

148 4203 175 4238 re
185 4203 226 4238 m
238 4185 298 4236 ech.
414 4186 446 4234 21
463 4200 480 4234 a
490 4186 620 4248 nepotibus
633 4182 751 4247 [an]0,
764 4197 795 4231 cc
806 4195 863 4244 nep.
874 4179 983 4228 ABOBR
994 4176 1052 4226 Oxi.
1171 4190 1188 4222 a
1201 4177 1310 4237 portent

150 4264 358 4329 [AcssP1131v1a
375 4280 406 4315 cr
415 4272 482 4328 pert.
493 4263 620 4314 B¹V²cav
631 4262 690 4313 Ort.
824 4263 855 4309 22
873 4261 966 4310 civitas
982 4258 1045 4317 ulla,
1065 4260 1122 4307 alla
1138 4257 1231 4307 civitas
1248 4253 1309 4306 Soh.

150 4349 184 4396 25
199 4347 367 4395 internecioni
386 4345 550 4396 BO²EPVBR
570 4343 630 4394 ech.
647 4344 712 4400 Mu,
728 4343 894 4391 interniciem
912 4341 935 4389 A
952 4338 996 4387 Or.
1008 4337 1066 4396 Ba..
1083 4337 1251 4388 intermarana
1269 4333 1299 4381 0¹

151 4428 329 4478 internecioni
340 4426 399 4476 oxr.
411 4431 441 4477 V.
539 4427 572 4477 27
587 4428 668 4475 aazias
679 4423 793 4480 A¹BV¹1=.
811 4425 918 4474 satietas
929 4415 1115 4470 A’oavmno.
