<?xml version="1.0" encoding="UTF-8"?>
<!DOCTYPE html PUBLIC "-//W3C//DTD XHTML 1.0 Transitional//EN"
    "http://www.w3.org/TR/xhtml1/DTD/xhtml1-transitional.dtd">
<html xmlns="http://www.w3.org/1999/xhtml" xml:lang="en" lang="en">
 <head>
  <title>
</title>
<meta http-equiv="Content-Type" content="text/html;charset=utf-8" />
  <meta name='ocr-system' content='tesseract 3.04.00' />
  <meta name='ocr-capabilities' content='ocr_page ocr_carea ocr_par ocr_line ocrx_word'/>
</head>
<body>
  <div class='ocr_page' id='page_1' title='image "./mtulliiciceroni02swaigoog_0106.png"; bbox 0 0 3125 4942; ppageno 0'>
   <div class='ocr_carea' id='block_1_1' title="bbox 239 421 1011 482">
    <p class='ocr_par' dir='ltr' id='par_1_1' title="bbox 239 421 1011 482">
     <span class='ocr_line' id='line_1_1' title="bbox 239 421 1011 482; baseline 0.003 -2"><span class='ocrx_word' id='word_1_1' title='bbox 239 421 279 482; x_wconf 91' lang='grc'>10</span> <span class='ocrx_word' id='word_1_2' title='bbox 619 434 667 481; x_wconf 81' lang='lat' dir='ltr'>mr</span> <span class='ocrx_word' id='word_1_3' title='bbox 689 431 833 482; x_wconf 71' lang='lat' dir='ltr'>urruns</span> <span class='ocrx_word' id='word_1_4' title='bbox 856 433 1011 482; x_wconf 84' lang='lat' dir='ltr'>usouun.</span> 
     </span>
    </p>
   </div>
   <div class='ocr_carea' id='block_1_2' title="bbox 183 578 1448 1082">
    <p class='ocr_par' dir='ltr' id='par_1_2' title="bbox 183 578 1448 1082">
     <span class='ocr_line' id='line_1_2' title="bbox 238 578 1396 666; baseline 0 -24"><span class='ocrx_word' id='word_1_5' title='bbox 238 580 347 666; x_wconf 87' lang='lat' dir='ltr'>igitur,</span> <span class='ocrx_word' id='word_1_6' title='bbox 365 580 393 644; x_wconf 91' lang='lat' dir='ltr'>is</span> <span class='ocrx_word' id='word_1_7' title='bbox 412 588 557 665; x_wconf 76' lang='lat' dir='ltr'>praestat</span> <span class='ocrx_word' id='word_1_8' title='bbox 576 579 720 658; x_wconf 90' lang='lat' dir='ltr'>homini;</span> <span class='ocrx_word' id='word_1_9' title='bbox 742 580 866 644; x_wconf 89' lang='lat' dir='ltr'>homini</span> <span class='ocrx_word' id='word_1_10' title='bbox 886 588 998 645; x_wconf 90' lang='lat' dir='ltr'>autom</span> <span class='ocrx_word' id='word_1_11' title='bbox 1018 587 1181 665; x_wconf 87' lang='lat' dir='ltr'>praestare</span> <span class='ocrx_word' id='word_1_12' title='bbox 1201 578 1274 665; x_wconf 89' lang='lat' dir='ltr'>quis</span> <span class='ocrx_word' id='word_1_13' title='bbox 1296 579 1396 665; x_wconf 78' lang='lat' dir='ltr'>possit</span> 
     </span>
     <span class='ocr_line' id='line_1_3' title="bbox 237 682 1396 769; baseline -0.001 -23"><span class='ocrx_word' id='word_1_14' title='bbox 237 684 301 748; x_wconf 89' lang='lat' dir='ltr'>nisi</span> <span class='ocrx_word' id='word_1_15' title='bbox 322 684 426 749; x_wconf 84' lang='lat' dir='ltr'>deusl</span> <span class='ocrx_word' id='word_1_16' title='bbox 455 692 506 749; x_wconf 90' lang='lat' dir='ltr'>est</span> <span class='ocrx_word' id='word_1_17' title='bbox 527 685 628 769; x_wconf 86' lang='lat' dir='ltr'>igitur</span> <span class='ocrx_word' id='word_1_18' title='bbox 649 683 748 748; x_wconf 84' lang='lat' dir='ltr'>deus’</span> <span class='ocrx_word' id='word_1_19' title='bbox 796 683 888 748; x_wconf 85' lang='lat' dir='ltr'>Haec</span> <span class='ocrx_word' id='word_1_20' title='bbox 911 683 1021 747; x_wconf 88' lang='lat' dir='ltr'>omnia</span> <span class='ocrx_word' id='word_1_21' title='bbox 1046 683 1081 747; x_wconf 93' lang='lat' dir='ltr'>in</span> <span class='ocrx_word' id='word_1_22' title='bbox 1106 682 1229 760; x_wconf 89' lang='lat' dir='ltr'>eodem,</span> <span class='ocrx_word' id='word_1_23' title='bbox 1252 705 1317 769; x_wconf 93' lang='lat' dir='ltr'>quo</span> <span class='ocrx_word' id='word_1_24' title='bbox 1340 682 1396 745; x_wconf 89' lang='lat' dir='ltr'>illa</span> 
     </span>
     <span class='ocr_line' id='line_1_4' title="bbox 183 785 1396 872; baseline -0.002 -21"><span class='ocrx_word' id='word_1_25' title='bbox 183 795 220 854; x_wconf 80' lang='lat'>26</span> <span class='ocrx_word' id='word_1_26' title='bbox 238 787 382 865; x_wconf 85' lang='lat' dir='ltr'>Zenonis,</span> <span class='ocrx_word' id='word_1_27' title='bbox 397 809 503 852; x_wconf 89' lang='lat' dir='ltr'>errore</span> <span class='ocrx_word' id='word_1_28' title='bbox 518 795 696 852; x_wconf 79' lang='lat' dir='ltr'><strong>versantur.</strong></span> <span class='ocrx_word' id='word_1_29' title='bbox 742 786 830 866; x_wconf 84' lang='lat' dir='ltr'>Quid</span> <span class='ocrx_word' id='word_1_30' title='bbox 850 786 938 850; x_wconf 91' lang='lat' dir='ltr'>enim</span> <span class='ocrx_word' id='word_1_31' title='bbox 953 787 997 851; x_wconf 91' lang='lat' dir='ltr'>sit</span> <span class='ocrx_word' id='word_1_32' title='bbox 1012 786 1138 864; x_wconf 88' lang='lat' dir='ltr'>melius,</span> <span class='ocrx_word' id='word_1_33' title='bbox 1154 785 1233 872; x_wconf 90' lang='lat' dir='ltr'>quid</span> <span class='ocrx_word' id='word_1_34' title='bbox 1254 793 1396 872; x_wconf 89' lang='lat' dir='ltr'>praesta-</span> 
     </span>
     <span class='ocr_line' id='line_1_5' title="bbox 237 887 1395 975; baseline -0.001 -21"><span class='ocrx_word' id='word_1_35' title='bbox 237 891 343 968; x_wconf 89' lang='lat' dir='ltr'>bilius,</span> <span class='ocrx_word' id='word_1_36' title='bbox 358 889 436 975; x_wconf 92' lang='lat' dir='ltr'>quid</span> <span class='ocrx_word' id='word_1_37' title='bbox 451 890 538 954; x_wconf 91' lang='lat' dir='ltr'>inter</span> <span class='ocrx_word' id='word_1_38' title='bbox 551 897 702 953; x_wconf 85' lang='lat' dir='ltr'>naturam</span> <span class='ocrx_word' id='word_1_39' title='bbox 717 898 752 954; x_wconf 89' lang='lat' dir='ltr'>et</span> <span class='ocrx_word' id='word_1_40' title='bbox 766 889 926 954; x_wconf 89' lang='lat' dir='ltr'>rationem</span> <span class='ocrx_word' id='word_1_41' title='bbox 941 889 1078 967; x_wconf 88' lang='lat' dir='ltr'>intersit,</span> <span class='ocrx_word' id='word_1_42' title='bbox 1095 910 1160 953; x_wconf 90' lang='lat' dir='ltr'>non</span> <span class='ocrx_word' id='word_1_43' title='bbox 1175 887 1395 973; x_wconf 78' lang='lat' dir='ltr'><strong>distinguitur.</strong></span> 
     </span>
     <span class='ocr_line' id='line_1_6' title="bbox 237 993 1448 1082; baseline -0.003 -22"><span class='ocrx_word' id='word_1_44' title='bbox 237 996 404 1082; x_wconf 83' lang='lat' dir='ltr'>Idemque,</span> <span class='ocrx_word' id='word_1_45' title='bbox 424 997 451 1059; x_wconf 91' lang='lat' dir='ltr'>si</span> <span class='ocrx_word' id='word_1_46' title='bbox 471 995 506 1059; x_wconf 91' lang='lat' dir='ltr'>di</span> <span class='ocrx_word' id='word_1_47' title='bbox 526 1017 592 1059; x_wconf 88' lang='lat' dir='ltr'>non</span> <span class='ocrx_word' id='word_1_48' title='bbox 611 995 687 1073; x_wconf 92' lang='lat' dir='ltr'>siut,</span> <span class='ocrx_word' id='word_1_49' title='bbox 706 1003 805 1080; x_wconf 84' lang='lat' dir='ltr'>negat</span> <span class='ocrx_word' id='word_1_50' title='bbox 826 1016 895 1059; x_wconf 88' lang='lat' dir='ltr'>esse</span> <span class='ocrx_word' id='word_1_51' title='bbox 915 995 950 1058; x_wconf 93' lang='lat' dir='ltr'>in</span> <span class='ocrx_word' id='word_1_52' title='bbox 971 993 1060 1059; x_wconf 90' lang='lat' dir='ltr'>omni</span> <span class='ocrx_word' id='word_1_53' title='bbox 1083 1002 1200 1058; x_wconf 90' lang='lat' dir='ltr'>natura</span> <span class='ocrx_word' id='word_1_54' title='bbox 1219 993 1394 1079; x_wconf 90' lang='lat' dir='ltr'>quicquam</span> <span class='ocrx_word' id='word_1_55' title='bbox 1431 1013 1448 1072; x_wconf 83' lang='lat'><strong>5</strong></span> 
     </span>
    </p>
   </div>
   <div class='ocr_carea' id='block_1_3' title="bbox 186 1097 1453 3358">
    <p class='ocr_par' dir='ltr' id='par_1_3' title="bbox 186 1097 1453 3358">
     <span class='ocr_line' id='line_1_7' title="bbox 237 1097 1394 1184; baseline -0.001 -21"><span class='ocrx_word' id='word_1_56' title='bbox 237 1099 368 1163; x_wconf 91' lang='lat' dir='ltr'>homine</span> <span class='ocrx_word' id='word_1_57' title='bbox 394 1099 528 1178; x_wconf 89' lang='lat' dir='ltr'>melius;</span> <span class='ocrx_word' id='word_1_58' title='bbox 558 1099 591 1163; x_wconf 91' lang='lat' dir='ltr'>id</span> <span class='ocrx_word' id='word_1_59' title='bbox 616 1108 728 1165; x_wconf 91' lang='lat' dir='ltr'>autem</span> <span class='ocrx_word' id='word_1_60' title='bbox 750 1107 867 1184; x_wconf 88' lang='lat' dir='ltr'>putare</span> <span class='ocrx_word' id='word_1_61' title='bbox 891 1120 1090 1184; x_wconf 85' lang='lat' dir='ltr'>quemquam</span> <span class='ocrx_word' id='word_1_62' title='bbox 1115 1098 1289 1174; x_wconf 91' lang='lat' dir='ltr'>hominem,</span> <span class='ocrx_word' id='word_1_63' title='bbox 1312 1097 1394 1162; x_wconf 89' lang='lat' dir='ltr'><strong>nihil</strong></span> 
     </span>
     <span class='ocr_line' id='line_1_8' title="bbox 236 1201 1394 1288; baseline -0.001 -21"><span class='ocrx_word' id='word_1_64' title='bbox 236 1202 368 1267; x_wconf 91' lang='lat' dir='ltr'>homine</span> <span class='ocrx_word' id='word_1_65' title='bbox 382 1225 451 1267; x_wconf 89' lang='lat' dir='ltr'>esse</span> <span class='ocrx_word' id='word_1_66' title='bbox 466 1203 591 1280; x_wconf 89' lang='lat' dir='ltr'>melius,</span> <span class='ocrx_word' id='word_1_67' title='bbox 606 1224 754 1268; x_wconf 85' lang='lat' dir='ltr'>summae</span> <span class='ocrx_word' id='word_1_68' title='bbox 771 1203 975 1288; x_wconf 80' lang='lat' dir='ltr'>arrogantiae</span> <span class='ocrx_word' id='word_1_69' title='bbox 995 1211 1106 1267; x_wconf 90' lang='lat' dir='ltr'>censet</span> <span class='ocrx_word' id='word_1_70' title='bbox 1124 1223 1200 1267; x_wconf 88' lang='lat' dir='ltr'>esse.</span> <span class='ocrx_word' id='word_1_71' title='bbox 1245 1201 1297 1266; x_wconf 86' lang='lat' dir='ltr'>Sit</span> <span class='ocrx_word' id='word_1_72' title='bbox 1317 1223 1394 1266; x_wconf 88' lang='lat' dir='ltr'>sane</span> 
     </span>
     <span class='ocr_line' id='line_1_9' title="bbox 236 1303 1395 1390; baseline -0.003 -20"><span class='ocrx_word' id='word_1_73' title='bbox 236 1305 415 1390; x_wconf 85' lang='lat' dir='ltr'>arrogantis</span> <span class='ocrx_word' id='word_1_74' title='bbox 428 1303 531 1390; x_wconf 91' lang='lat' dir='ltr'>pluris</span> <span class='ocrx_word' id='word_1_75' title='bbox 545 1327 581 1370; x_wconf 90' lang='lat' dir='ltr'>se</span> <span class='ocrx_word' id='word_1_76' title='bbox 600 1313 716 1389; x_wconf 85' lang='lat' dir='ltr'>putare</span> <span class='ocrx_word' id='word_1_77' title='bbox 734 1327 834 1390; x_wconf 90' lang='lat' dir='ltr'>quam</span> <span class='ocrx_word' id='word_1_78' title='bbox 853 1304 1032 1384; x_wconf 90' lang='lat' dir='ltr'>mundum;</span> <span class='ocrx_word' id='word_1_79' title='bbox 1054 1313 1090 1370; x_wconf 89' lang='lat' dir='ltr'>at</span> <span class='ocrx_word' id='word_1_80' title='bbox 1109 1304 1192 1369; x_wconf 92' lang='lat' dir='ltr'>illud</span> <span class='ocrx_word' id='word_1_81' title='bbox 1214 1325 1279 1367; x_wconf 92' lang='lat' dir='ltr'>non</span> <span class='ocrx_word' id='word_1_82' title='bbox 1299 1304 1395 1368; x_wconf 91' lang='lat' dir='ltr'>modo</span> 
     </span>
     <span class='ocr_line' id='line_1_10' title="bbox 236 1406 1395 1493; baseline -0.001 -22"><span class='ocrx_word' id='word_1_83' title='bbox 236 1430 300 1472; x_wconf 90' lang='lat' dir='ltr'>non</span> <span class='ocrx_word' id='word_1_84' title='bbox 312 1406 499 1493; x_wconf 88' lang='lat' dir='ltr'>arrogantis,</span> <span class='ocrx_word' id='word_1_85' title='bbox 510 1407 566 1472; x_wconf 87' lang='lat' dir='ltr'>sed</span> <span class='ocrx_word' id='word_1_86' title='bbox 577 1408 686 1492; x_wconf 90' lang='lat' dir='ltr'>potius</span> <span class='ocrx_word' id='word_1_87' title='bbox 696 1407 875 1493; x_wconf 89' lang='lat' dir='ltr'>prudentis,</span> <span class='ocrx_word' id='word_1_88' title='bbox 886 1406 1076 1492; x_wconf 85' lang='lat' dir='ltr'>intellegere</span> <span class='ocrx_word' id='word_1_89' title='bbox 1087 1429 1121 1471; x_wconf 93' lang='lat' dir='ltr'>se</span> <span class='ocrx_word' id='word_1_90' title='bbox 1133 1407 1251 1482; x_wconf 86' lang='lat' dir='ltr'>habere</span> <span class='ocrx_word' id='word_1_91' title='bbox 1263 1427 1395 1472; x_wconf 86' lang='lat' dir='ltr'>sensum</span> 
     </span>
     <span class='ocr_line' id='line_1_11' title="bbox 237 1503 1451 1588; baseline -0.001 -12"><span class='ocrx_word' id='word_1_92' title='bbox 237 1520 271 1576; x_wconf 91' lang='lat' dir='ltr'>et</span> <span class='ocrx_word' id='word_1_93' title='bbox 297 1512 462 1588; x_wconf 90' lang='lat' dir='ltr'>rationem,</span> <span class='ocrx_word' id='word_1_94' title='bbox 488 1511 570 1576; x_wconf 90' lang='lat' dir='ltr'>haec</span> <span class='ocrx_word' id='word_1_95' title='bbox 593 1511 706 1576; x_wconf 85' lang='lat' dir='ltr'>eadem</span> <span class='ocrx_word' id='word_1_96' title='bbox 731 1511 885 1576; x_wconf 84' lang='lat' dir='ltr'>Orionem</span> <span class='ocrx_word' id='word_1_97' title='bbox 909 1518 944 1575; x_wconf 92' lang='lat' dir='ltr'>et</span> <span class='ocrx_word' id='word_1_98' title='bbox 966 1511 1157 1575; x_wconf 78' lang='lat' dir='ltr'>Caniculam</span> <span class='ocrx_word' id='word_1_99' title='bbox 1180 1532 1245 1575; x_wconf 90' lang='lat' dir='ltr'>non</span> <span class='ocrx_word' id='word_1_100' title='bbox 1267 1503 1393 1575; x_wconf 77' lang='lat' dir='ltr'>haber&#39;e.</span> <span class='ocrx_word' id='word_1_101' title='bbox 1412 1535 1451 1575; x_wconf 88' lang='lat' dir='ltr'>ro</span> 
     </span>
     <span class='ocr_line' id='line_1_12' title="bbox 237 1612 1395 1700; baseline -0.003 -21"><span class='ocrx_word' id='word_1_102' title='bbox 237 1616 299 1681; x_wconf 83' lang='lat' dir='ltr'>Et:</span> <span class='ocrx_word' id='word_1_103' title='bbox 323 1615 377 1680; x_wconf 87' lang='lat' dir='ltr'>‘Si</span> <span class='ocrx_word' id='word_1_104' title='bbox 399 1614 514 1680; x_wconf 91' lang='lat' dir='ltr'>domus</span> <span class='ocrx_word' id='word_1_105' title='bbox 535 1615 671 1700; x_wconf 86' lang='lat' dir='ltr'>pulchra</span> <span class='ocrx_word' id='word_1_106' title='bbox 690 1615 742 1692; x_wconf 87' lang='lat' dir='ltr'>sit,</span> <span class='ocrx_word' id='word_1_107' title='bbox 764 1613 993 1699; x_wconf 82' lang='lat' dir='ltr'>intellegamus</span> <span class='ocrx_word' id='word_1_108' title='bbox 1012 1635 1084 1678; x_wconf 88' lang='lat' dir='ltr'>eam</span> <span class='ocrx_word' id='word_1_109' title='bbox 1105 1612 1261 1691; x_wconf 89' lang='lat' dir='ltr'>dominis,’</span> <span class='ocrx_word' id='word_1_110' title='bbox 1278 1613 1395 1698; x_wconf 87' lang='lat' dir='ltr'>inquit,</span> 
     </span>
     <span class='ocr_line' id='line_1_13' title="bbox 237 1715 1393 1802; baseline -0.003 -19"><span class='ocrx_word' id='word_1_111' title='bbox 237 1718 458 1783; x_wconf 85' lang='lat' dir='ltr'>‘aedificatam</span> <span class='ocrx_word' id='word_1_112' title='bbox 485 1739 562 1794; x_wconf 91' lang='lat' dir='ltr'>esse,</span> <span class='ocrx_word' id='word_1_113' title='bbox 588 1740 654 1782; x_wconf 92' lang='lat' dir='ltr'>non</span> <span class='ocrx_word' id='word_1_114' title='bbox 677 1717 842 1796; x_wconf 89' lang='lat' dir='ltr'>muribus;</span> <span class='ocrx_word' id='word_1_115' title='bbox 873 1717 919 1782; x_wconf 87' lang='lat' dir='ltr'>sic</span> <span class='ocrx_word' id='word_1_116' title='bbox 944 1717 1046 1802; x_wconf 83' lang='lat' dir='ltr'>igitur</span> <span class='ocrx_word' id='word_1_117' title='bbox 1072 1717 1231 1781; x_wconf 88' lang='lat' dir='ltr'>mundum</span> <span class='ocrx_word' id='word_1_118' title='bbox 1261 1715 1393 1780; x_wconf 92' lang='lat' dir='ltr'>deorum</span> 
     </span>
     <span class='ocr_line' id='line_1_14' title="bbox 237 1819 1394 1906; baseline -0.002 -21"><span class='ocrx_word' id='word_1_119' title='bbox 237 1822 369 1885; x_wconf 92' lang='lat' dir='ltr'>domum</span> <span class='ocrx_word' id='word_1_120' title='bbox 385 1820 570 1886; x_wconf 88' lang='lat' dir='ltr'>existimare</span> <span class='ocrx_word' id='word_1_121' title='bbox 585 1819 757 1886; x_wconf 68' lang='lat' dir='ltr'>debemus?</span> <span class='ocrx_word' id='word_1_122' title='bbox 800 1821 854 1885; x_wconf 84' lang='lat' dir='ltr'>Ita</span> <span class='ocrx_word' id='word_1_123' title='bbox 867 1843 998 1906; x_wconf 88' lang='lat' dir='ltr'>prorsus</span> <span class='ocrx_word' id='word_1_124' title='bbox 1013 1820 1242 1900; x_wconf 87' lang='lat' dir='ltr'>existimarem,</span> <span class='ocrx_word' id='word_1_125' title='bbox 1259 1821 1286 1885; x_wconf 90' lang='lat' dir='ltr'>si</span> <span class='ocrx_word' id='word_1_126' title='bbox 1300 1820 1394 1885; x_wconf 92' lang='lat' dir='ltr'>illum</span> 
     </span>
     <span class='ocr_line' id='line_1_15' title="bbox 237 1925 1394 2012; baseline -0.003 -22"><span class='ocrx_word' id='word_1_127' title='bbox 237 1925 452 2003; x_wconf 83' lang='lat' dir='ltr'>aedificatum,</span> <span class='ocrx_word' id='word_1_128' title='bbox 482 1947 548 1988; x_wconf 91' lang='lat' dir='ltr'>non</span> <span class='ocrx_word' id='word_1_129' title='bbox 581 1926 691 2012; x_wconf 92' lang='lat' dir='ltr'>(quem</span> <span class='ocrx_word' id='word_1_130' title='bbox 722 1926 764 1990; x_wconf 88' lang='lat' dir='ltr'>ad</span> <span class='ocrx_word' id='word_1_131' title='bbox 794 1926 928 1990; x_wconf 88' lang='lat' dir='ltr'>modum</span> <span class='ocrx_word' id='word_1_132' title='bbox 960 1925 1091 2008; x_wconf 83' lang='lat' dir='ltr'>docebo)</span> <span class='ocrx_word' id='word_1_133' title='bbox 1125 1948 1145 1990; x_wconf 87' lang='lat' dir='ltr'>a</span> <span class='ocrx_word' id='word_1_134' title='bbox 1175 1933 1293 1989; x_wconf 87' lang='lat' dir='ltr'>natura</span> <span class='ocrx_word' id='word_1_135' title='bbox 1321 1945 1394 1987; x_wconf 92' lang='lat' dir='ltr'>con-</span> 
     </span>
     <span class='ocr_line' id='line_1_16' title="bbox 237 2029 1450 2116; baseline -0.001 -23"><span class='ocrx_word' id='word_1_136' title='bbox 237 2029 413 2094; x_wconf 88' lang='lat' dir='ltr'>formatum</span> <span class='ocrx_word' id='word_1_137' title='bbox 427 2038 586 2116; x_wconf 89' lang='lat' dir='ltr'>putarem.</span> <span class='ocrx_word' id='word_1_138' title='bbox 1413 2051 1450 2110; x_wconf 75' lang='grc' dir='ltr'>ις</span> 
     </span>
     <span class='ocr_line' id='line_1_17' title="bbox 186 2133 1395 2220; baseline 0 -22"><span class='ocrx_word' id='word_1_139' title='bbox 186 2149 223 2208; x_wconf 78' lang='grc'>27</span> <span class='ocrx_word' id='word_1_140' title='bbox 305 2133 365 2200; x_wconf 89' lang='lat' dir='ltr'>XI.</span> <span class='ocrx_word' id='word_1_141' title='bbox 408 2135 455 2199; x_wconf 87' lang='lat' dir='ltr'>At</span> <span class='ocrx_word' id='word_1_142' title='bbox 477 2133 564 2199; x_wconf 89' lang='lat' dir='ltr'>enim</span> <span class='ocrx_word' id='word_1_143' title='bbox 587 2133 716 2220; x_wconf 86' lang='lat' dir='ltr'>quaerit</span> <span class='ocrx_word' id='word_1_144' title='bbox 740 2133 828 2220; x_wconf 90' lang='lat' dir='ltr'>apud</span> <span class='ocrx_word' id='word_1_145' title='bbox 853 2133 1106 2218; x_wconf 91' lang='lat' dir='ltr'>Xenophontem</span> <span class='ocrx_word' id='word_1_146' title='bbox 1129 2133 1287 2209; x_wconf 78' lang='lat' dir='ltr'>Socrates,</span> <span class='ocrx_word' id='word_1_147' title='bbox 1308 2133 1395 2198; x_wconf 86' lang='lat' dir='ltr'>unde</span> 
     </span>
     <span class='ocr_line' id='line_1_18' title="bbox 239 2237 1396 2324; baseline -0.001 -22"><span class='ocrx_word' id='word_1_148' title='bbox 239 2238 386 2302; x_wconf 91' lang='lat' dir='ltr'>animum</span> <span class='ocrx_word' id='word_1_149' title='bbox 400 2238 638 2323; x_wconf 86' lang='lat' dir='ltr'>arripuerimus,</span> <span class='ocrx_word' id='word_1_150' title='bbox 651 2237 678 2301; x_wconf 91' lang='lat' dir='ltr'>si</span> <span class='ocrx_word' id='word_1_151' title='bbox 693 2237 803 2301; x_wconf 91' lang='lat' dir='ltr'>nullus</span> <span class='ocrx_word' id='word_1_152' title='bbox 814 2238 913 2301; x_wconf 90' lang='lat' dir='ltr'>fuerit</span> <span class='ocrx_word' id='word_1_153' title='bbox 927 2237 963 2301; x_wconf 93' lang='lat' dir='ltr'>in</span> <span class='ocrx_word' id='word_1_154' title='bbox 977 2237 1107 2302; x_wconf 92' lang='lat' dir='ltr'>mundo.</span> <span class='ocrx_word' id='word_1_155' title='bbox 1143 2237 1187 2302; x_wconf 90' lang='lat' dir='ltr'>Et</span> <span class='ocrx_word' id='word_1_156' title='bbox 1198 2259 1257 2322; x_wconf 85' lang='lat' dir='ltr'>ego</span> <span class='ocrx_word' id='word_1_157' title='bbox 1269 2259 1396 2324; x_wconf 89' lang='lat' dir='ltr'>quaero,</span> 
     </span>
     <span class='ocr_line' id='line_1_19' title="bbox 240 2339 1396 2423; baseline -0.002 -18"><span class='ocrx_word' id='word_1_158' title='bbox 240 2340 327 2405; x_wconf 90' lang='lat' dir='ltr'>unde</span> <span class='ocrx_word' id='word_1_159' title='bbox 349 2341 535 2417; x_wconf 89' lang='lat' dir='ltr'>orationem,</span> <span class='ocrx_word' id='word_1_160' title='bbox 557 2339 644 2404; x_wconf 90' lang='lat' dir='ltr'>unde</span> <span class='ocrx_word' id='word_1_161' title='bbox 666 2361 826 2417; x_wconf 90' lang='lat' dir='ltr'>numeros,</span> <span class='ocrx_word' id='word_1_162' title='bbox 848 2339 935 2405; x_wconf 91' lang='lat' dir='ltr'>unde</span> <span class='ocrx_word' id='word_1_163' title='bbox 964 2347 1097 2419; x_wconf 78' lang='lat' dir='ltr'>cantus,</span> <span class='ocrx_word' id='word_1_164' title='bbox 1125 2339 1188 2403; x_wconf 89' lang='lat' dir='ltr'>nisi</span> <span class='ocrx_word' id='word_1_165' title='bbox 1211 2361 1285 2403; x_wconf 90' lang='lat' dir='ltr'>vero</span> <span class='ocrx_word' id='word_1_166' title='bbox 1307 2339 1396 2423; x_wconf 91' lang='lat' dir='ltr'>loqui</span> 
     </span>
     <span class='ocr_line' id='line_1_20' title="bbox 241 2441 1395 2528; baseline -0.002 -21"><span class='ocrx_word' id='word_1_167' title='bbox 241 2442 340 2507; x_wconf 90' lang='lat' dir='ltr'>solem</span> <span class='ocrx_word' id='word_1_168' title='bbox 360 2464 435 2506; x_wconf 94' lang='lat' dir='ltr'>cum</span> <span class='ocrx_word' id='word_1_169' title='bbox 457 2441 536 2506; x_wconf 91' lang='lat' dir='ltr'>luna</span> <span class='ocrx_word' id='word_1_170' title='bbox 557 2449 719 2528; x_wconf 90' lang='lat' dir='ltr'>putamus,</span> <span class='ocrx_word' id='word_1_171' title='bbox 738 2465 813 2506; x_wconf 92' lang='lat' dir='ltr'>cum</span> <span class='ocrx_word' id='word_1_172' title='bbox 835 2443 967 2528; x_wconf 91' lang='lat' dir='ltr'>propius</span> <span class='ocrx_word' id='word_1_173' title='bbox 987 2443 1163 2520; x_wconf 86' lang='lat' dir='ltr'>accesserit,</span> <span class='ocrx_word' id='word_1_174' title='bbox 1184 2441 1301 2506; x_wconf 87' lang='lat' dir='ltr'>autad</span> <span class='ocrx_word' id='word_1_175' title='bbox 1322 2441 1395 2505; x_wconf 91' lang='lat' dir='ltr'>har-</span> 
     </span>
     <span class='ocr_line' id='line_1_21' title="bbox 241 2547 1453 2632; baseline 0 -20"><span class='ocrx_word' id='word_1_176' title='bbox 241 2548 383 2613; x_wconf 87' lang='lat' dir='ltr'>moniam</span> <span class='ocrx_word' id='word_1_177' title='bbox 406 2569 519 2612; x_wconf 89' lang='lat' dir='ltr'>canere</span> <span class='ocrx_word' id='word_1_178' title='bbox 544 2547 714 2626; x_wconf 90' lang='lat' dir='ltr'>mundum,</span> <span class='ocrx_word' id='word_1_179' title='bbox 738 2555 777 2612; x_wconf 91' lang='lat' dir='ltr'>ut</span> <span class='ocrx_word' id='word_1_180' title='bbox 807 2547 1008 2632; x_wconf 84' lang='lat' dir='ltr'>Pythagoras</span> <span class='ocrx_word' id='word_1_181' title='bbox 1030 2547 1203 2612; x_wconf 86' lang='lat' dir='ltr'>existimat.</span> <span class='ocrx_word' id='word_1_182' title='bbox 1248 2547 1395 2611; x_wconf 85' lang='lat' dir='ltr'>Naturae</span> <span class='ocrx_word' id='word_1_183' title='bbox 1412 2574 1453 2612; x_wconf 85' lang='lat'>20</span> 
     </span>
     <span class='ocr_line' id='line_1_22' title="bbox 236 2648 1395 2727; baseline -0.002 -12"><span class='ocrx_word' id='word_1_184' title='bbox 236 2651 305 2716; x_wconf 82' lang='lat' dir='ltr'>ista</span> <span class='ocrx_word' id='word_1_185' title='bbox 318 2657 405 2726; x_wconf 89' lang='lat' dir='ltr'>sunt,</span> <span class='ocrx_word' id='word_1_186' title='bbox 418 2649 528 2727; x_wconf 81' lang='lat' dir='ltr'>Balbe,</span> <span class='ocrx_word' id='word_1_187' title='bbox 543 2657 679 2714; x_wconf 87' lang='lat' dir='ltr'>naturae</span> <span class='ocrx_word' id='word_1_188' title='bbox 693 2671 760 2714; x_wconf 92' lang='lat' dir='ltr'>non</span> <span class='ocrx_word' id='word_1_189' title='bbox 774 2649 945 2714; x_wconf 88' lang='lat' dir='ltr'>artificiose</span> <span class='ocrx_word' id='word_1_190' title='bbox 960 2648 1166 2726; x_wconf 90' lang='lat' dir='ltr'>ambulantis,</span> <span class='ocrx_word' id='word_1_191' title='bbox 1182 2657 1221 2713; x_wconf 91' lang='lat' dir='ltr'>ut</span> <span class='ocrx_word' id='word_1_192' title='bbox 1238 2648 1286 2714; x_wconf 89' lang='lat' dir='ltr'>ait</span> <span class='ocrx_word' id='word_1_193' title='bbox 1300 2649 1395 2726; x_wconf 88' lang='lat' dir='ltr'>Zeno,</span> 
     </span>
     <span class='ocr_line' id='line_1_23' title="bbox 244 2753 1397 2840; baseline 0.001 -22"><span class='ocrx_word' id='word_1_194' title='bbox 244 2753 341 2840; x_wconf 90' lang='lat' dir='ltr'>(quod</span> <span class='ocrx_word' id='word_1_195' title='bbox 363 2753 494 2838; x_wconf 89' lang='lat' dir='ltr'>quidem</span> <span class='ocrx_word' id='word_1_196' title='bbox 516 2755 612 2839; x_wconf 91' lang='lat' dir='ltr'>quale</span> <span class='ocrx_word' id='word_1_197' title='bbox 635 2755 687 2832; x_wconf 89' lang='lat' dir='ltr'>sit,</span> <span class='ocrx_word' id='word_1_198' title='bbox 706 2755 776 2840; x_wconf 88' lang='lat' dir='ltr'>jam</span> <span class='ocrx_word' id='word_1_199' title='bbox 798 2753 991 2838; x_wconf 86' lang='lat' dir='ltr'>videbimus)</span> <span class='ocrx_word' id='word_1_200' title='bbox 1016 2755 1072 2819; x_wconf 90' lang='lat' dir='ltr'>sed</span> <span class='ocrx_word' id='word_1_201' title='bbox 1095 2753 1204 2820; x_wconf 88' lang='lat' dir='ltr'>omnia</span> <span class='ocrx_word' id='word_1_202' title='bbox 1225 2753 1341 2819; x_wconf 87' lang='lat' dir='ltr'>cientis</span> <span class='ocrx_word' id='word_1_203' title='bbox 1362 2763 1397 2819; x_wconf 91' lang='lat' dir='ltr'>et</span> 
     </span>
     <span class='ocr_line' id='line_1_24' title="bbox 191 2857 1397 2946; baseline -0.001 -23"><span class='ocrx_word' id='word_1_204' title='bbox 191 2872 229 2930; x_wconf 84' lang='lat'>28</span> <span class='ocrx_word' id='word_1_205' title='bbox 241 2858 395 2946; x_wconf 83' lang='lat' dir='ltr'>agitantis</span> <span class='ocrx_word' id='word_1_206' title='bbox 414 2857 557 2922; x_wconf 89' lang='lat' dir='ltr'>motibus</span> <span class='ocrx_word' id='word_1_207' title='bbox 577 2866 611 2922; x_wconf 90' lang='lat' dir='ltr'>et</span> <span class='ocrx_word' id='word_1_208' title='bbox 628 2859 865 2923; x_wconf 84' lang='lat' dir='ltr'>mutationibus</span> <span class='ocrx_word' id='word_1_209' title='bbox 887 2859 962 2925; x_wconf 88' lang='lat' dir='ltr'>suis.</span> <span class='ocrx_word' id='word_1_210' title='bbox 1006 2859 1124 2944; x_wconf 86' lang='lat' dir='ltr'>Itaque</span> <span class='ocrx_word' id='word_1_211' title='bbox 1145 2859 1203 2923; x_wconf 88' lang='lat' dir='ltr'>illa</span> <span class='ocrx_word' id='word_1_212' title='bbox 1225 2857 1307 2923; x_wconf 90' lang='lat' dir='ltr'>mihi</span> <span class='ocrx_word' id='word_1_213' title='bbox 1328 2857 1397 2944; x_wconf 87' lang='lat' dir='ltr'>pla-</span> 
     </span>
     <span class='ocr_line' id='line_1_25' title="bbox 242 2961 1396 3048; baseline -0.001 -22"><span class='ocrx_word' id='word_1_214' title='bbox 242 2961 337 3027; x_wconf 89' lang='lat' dir='ltr'>cebat</span> <span class='ocrx_word' id='word_1_215' title='bbox 357 2962 459 3026; x_wconf 89' lang='lat' dir='ltr'>oratio</span> <span class='ocrx_word' id='word_1_216' title='bbox 479 2961 520 3026; x_wconf 89' lang='lat' dir='ltr'>de</span> <span class='ocrx_word' id='word_1_217' title='bbox 540 2961 765 3026; x_wconf 87' lang='lat' dir='ltr'>convenientia</span> <span class='ocrx_word' id='word_1_218' title='bbox 784 2983 1006 3047; x_wconf 87' lang='lat' dir='ltr'>consensuque</span> <span class='ocrx_word' id='word_1_219' title='bbox 1026 2971 1170 3040; x_wconf 84' lang='lat' dir='ltr'>naturae,</span> <span class='ocrx_word' id='word_1_220' title='bbox 1185 2983 1284 3047; x_wconf 91' lang='lat' dir='ltr'>quarn</span> <span class='ocrx_word' id='word_1_221' title='bbox 1304 2961 1396 3048; x_wconf 88' lang='lat' dir='ltr'>quasi</span> 
     </span>
     <span class='ocr_line' id='line_1_26' title="bbox 242 3063 1452 3151; baseline 0.002 -22"><span class='ocrx_word' id='word_1_222' title='bbox 242 3065 432 3150; x_wconf 87' lang='lat' dir='ltr'>cognatione</span> <span class='ocrx_word' id='word_1_223' title='bbox 461 3063 683 3128; x_wconf 90' lang='lat' dir='ltr'>continuatam</span> <span class='ocrx_word' id='word_1_224' title='bbox 712 3064 893 3146; x_wconf 88' lang='lat' dir='ltr'>conspirare</span> <span class='ocrx_word' id='word_1_225' title='bbox 923 3064 1060 3130; x_wconf 85' lang='lat' dir='ltr'>dicebas.</span> <span class='ocrx_word' id='word_1_226' title='bbox 1112 3063 1200 3129; x_wconf 89' lang='lat' dir='ltr'>Illud</span> <span class='ocrx_word' id='word_1_227' title='bbox 1229 3085 1295 3128; x_wconf 90' lang='lat' dir='ltr'>non</span> <span class='ocrx_word' id='word_1_228' title='bbox 1324 3085 1396 3148; x_wconf 95' lang='lat' dir='ltr'>pro·</span> <span class='ocrx_word' id='word_1_229' title='bbox 1413 3094 1429 3132; x_wconf 86' lang='lat'><strong>2</strong></span> <span class='ocrx_word' id='word_1_230' title='bbox 1435 3091 1452 3151; x_wconf 85' lang='lat'><strong>5</strong></span> 
     </span>
     <span class='ocr_line' id='line_1_27' title="bbox 241 3167 1396 3253; baseline -0.003 -20"><span class='ocrx_word' id='word_1_231' title='bbox 241 3169 369 3246; x_wconf 87' lang='lat' dir='ltr'>babam,</span> <span class='ocrx_word' id='word_1_232' title='bbox 389 3167 475 3253; x_wconf 92' lang='lat' dir='ltr'>quod</span> <span class='ocrx_word' id='word_1_233' title='bbox 497 3167 638 3252; x_wconf 83' lang='lat' dir='ltr'>negabas</span> <span class='ocrx_word' id='word_1_234' title='bbox 657 3167 692 3232; x_wconf 90' lang='lat' dir='ltr'>id</span> <span class='ocrx_word' id='word_1_235' title='bbox 715 3167 860 3232; x_wconf 87' lang='lat' dir='ltr'>accidere</span> <span class='ocrx_word' id='word_1_236' title='bbox 882 3169 1034 3253; x_wconf 88' lang='lat' dir='ltr'>potuisse,</span> <span class='ocrx_word' id='word_1_237' title='bbox 1054 3168 1117 3232; x_wconf 90' lang='lat' dir='ltr'>nisi</span> <span class='ocrx_word' id='word_1_238' title='bbox 1140 3189 1265 3232; x_wconf 85' lang='lat' dir='ltr'>cauno</span> <span class='ocrx_word' id='word_1_239' title='bbox 1287 3167 1396 3232; x_wconf 92' lang='lat' dir='ltr'>divino</span> 
     </span>
     <span class='ocr_line' id='line_1_28' title="bbox 242 3270 1397 3358; baseline -0.002 -22"><span class='ocrx_word' id='word_1_240' title='bbox 242 3271 358 3358; x_wconf 86' lang='lat' dir='ltr'>spiritu</span> <span class='ocrx_word' id='word_1_241' title='bbox 380 3270 607 3335; x_wconf 85' lang='lat' dir='ltr'>contineretur.</span> <span class='ocrx_word' id='word_1_242' title='bbox 652 3270 715 3334; x_wconf 88' lang='lat' dir='ltr'>llla</span> <span class='ocrx_word' id='word_1_243' title='bbox 738 3292 814 3334; x_wconf 81' lang='lat' dir='ltr'>vero</span> <span class='ocrx_word' id='word_1_244' title='bbox 838 3270 988 3335; x_wconf 89' lang='lat' dir='ltr'>cohaeret</span> <span class='ocrx_word' id='word_1_245' title='bbox 1012 3279 1047 3335; x_wconf 90' lang='lat' dir='ltr'>et</span> <span class='ocrx_word' id='word_1_246' title='bbox 1070 3279 1239 3356; x_wconf 88' lang='lat' dir='ltr'>permanet</span> <span class='ocrx_word' id='word_1_247' title='bbox 1262 3277 1397 3335; x_wconf 86' lang='lat' dir='ltr'>naturae</span> 
     </span>
    </p>
   </div>
   <div class='ocr_carea' id='block_1_4' title="bbox 236 3511 1401 4474">
    <p class='ocr_par' dir='ltr' id='par_1_4' title="bbox 236 3511 1401 4474">
     <span class='ocr_line' id='line_1_29' title="bbox 293 3511 1398 3575; baseline 0 -13"><span class='ocrx_word' id='word_1_248' title='bbox 293 3514 307 3561; x_wconf 98' lang='lat'>1</span> <span class='ocrx_word' id='word_1_249' title='bbox 325 3513 426 3562; x_wconf 81' lang='lat' dir='ltr'>bomini.</span> <span class='ocrx_word' id='word_1_250' title='bbox 439 3511 697 3575; x_wconf 70' lang='lat' dir='ltr'>nomra2&#39;1scEP1v2,</span> <span class='ocrx_word' id='word_1_251' title='bbox 710 3514 806 3562; x_wconf 80' lang='lat' dir='ltr'>homini</span> <span class='ocrx_word' id='word_1_252' title='bbox 817 3513 913 3562; x_wconf 69' lang='lat' dir='ltr'>bomine</span> <span class='ocrx_word' id='word_1_253' title='bbox 925 3511 993 3571; x_wconf 79' lang='lat' dir='ltr'>Bac.</span> <span class='ocrx_word' id='word_1_254' title='bbox 1004 3515 1110 3563; x_wconf 81' lang='lat' dir='ltr'>honinir</span> <span class='ocrx_word' id='word_1_255' title='bbox 1123 3515 1230 3563; x_wconf 79' lang='lat' dir='ltr'>hominis</span> <span class='ocrx_word' id='word_1_256' title='bbox 1238 3511 1279 3572; x_wconf 71' lang='lat' dir='ltr'>W,</span> <span class='ocrx_word' id='word_1_257' title='bbox 1289 3513 1398 3563; x_wconf 79' lang='lat' dir='ltr'>homiues</span> 
     </span>
     <span class='ocr_line' id='line_1_30' title="bbox 244 3593 1398 3658; baseline -0.001 -13"><span class='ocrx_word' id='word_1_258' title='bbox 244 3597 364 3646; x_wconf 81' lang='lat' dir='ltr'>hominem</span> <span class='ocrx_word' id='word_1_259' title='bbox 375 3593 434 3643; x_wconf 80' lang='lat' dir='ltr'>01r.</span> <span class='ocrx_word' id='word_1_260' title='bbox 446 3593 479 3645; x_wconf 89' lang='lat' dir='ltr'>U.</span> <span class='ocrx_word' id='word_1_261' title='bbox 577 3595 593 3643; x_wconf 78' lang='lat' dir='ltr'>b</span> <span class='ocrx_word' id='word_1_262' title='bbox 610 3595 725 3657; x_wconf 81' lang='lat' dir='ltr'>idemque</span> <span class='ocrx_word' id='word_1_263' title='bbox 736 3595 759 3641; x_wconf 77' lang='lat' dir='ltr'>A</span> <span class='ocrx_word' id='word_1_264' title='bbox 770 3593 839 3658; x_wconf 87' lang='lat' dir='ltr'>(post</span> <span class='ocrx_word' id='word_1_265' title='bbox 850 3593 914 3658; x_wconf 86' lang='lat' dir='ltr'>ras.)</span> <span class='ocrx_word' id='word_1_266' title='bbox 927 3593 984 3642; x_wconf 81' lang='lat' dir='ltr'>EV²</span> <span class='ocrx_word' id='word_1_267' title='bbox 996 3593 1054 3643; x_wconf 83' lang='lat' dir='ltr'>oxt.</span> <span class='ocrx_word' id='word_1_268' title='bbox 1067 3598 1101 3653; x_wconf 75' lang='grc'><strong>11,</strong></span> <span class='ocrx_word' id='word_1_269' title='bbox 1113 3596 1240 3657; x_wconf 76' lang='lat' dir='ltr'>eidemque</span> <span class='ocrx_word' id='word_1_270' title='bbox 1251 3594 1398 3644; x_wconf 75' lang='lat' dir='ltr'>Bcpvuto.</span> 
     </span>
     <span class='ocr_line' id='line_1_31' title="bbox 243 3676 1398 3746; baseline -0.003 -18"><span class='ocrx_word' id='word_1_271' title='bbox 243 3679 259 3728; x_wconf 88' lang='lat'><strong>6</strong></span> <span class='ocrx_word' id='word_1_272' title='bbox 275 3679 343 3728; x_wconf 81' lang='lat' dir='ltr'>nihil</span> <span class='ocrx_word' id='word_1_273' title='bbox 355 3679 451 3727; x_wconf 77' lang='lat' dir='ltr'>nomine</span> <span class='ocrx_word' id='word_1_274' title='bbox 462 3692 512 3727; x_wconf 77' lang='lat' dir='ltr'>erre</span> <span class='ocrx_word' id='word_1_275' title='bbox 523 3679 612 3727; x_wconf 80' lang='lat' dir='ltr'>metim</span> <span class='ocrx_word' id='word_1_276' title='bbox 623 3676 651 3726; x_wconf 92' lang='lat' dir='ltr'>in</span> <span class='ocrx_word' id='word_1_277' title='bbox 661 3677 780 3726; x_wconf 82' lang='lat' dir='ltr'>brackets</span> <span class='ocrx_word' id='word_1_278' title='bbox 792 3678 836 3746; x_wconf 78' lang='lat' dir='ltr'>Or.</span> <span class='ocrx_word' id='word_1_279' title='bbox 848 3677 895 3728; x_wconf 83' lang='lat' dir='ltr'>Ba.</span> <span class='ocrx_word' id='word_1_280' title='bbox 909 3677 977 3727; x_wconf 80' lang='lat' dir='ltr'>atter</span> <span class='ocrx_word' id='word_1_281' title='bbox 987 3677 1052 3726; x_wconf 83' lang='lat' dir='ltr'>Dav.</span> <span class='ocrx_word' id='word_1_282' title='bbox 1162 3677 1194 3725; x_wconf 93' lang='lat'>10</span> <span class='ocrx_word' id='word_1_283' title='bbox 1212 3678 1328 3726; x_wconf 67' lang='lat' dir='ltr'>Onnum</span> <span class='ocrx_word' id='word_1_284' title='bbox 1340 3676 1398 3734; x_wconf 86' lang='lat' dir='ltr'>BG,</span> 
     </span>
     <span class='ocr_line' id='line_1_32' title="bbox 243 3757 1398 3821; baseline -0.003 -10"><span class='ocrx_word' id='word_1_285' title='bbox 243 3777 295 3812; x_wconf 91' lang='lat' dir='ltr'>om.</span> <span class='ocrx_word' id='word_1_286' title='bbox 307 3761 377 3819; x_wconf 76' lang='lat' dir='ltr'>Ort,</span> <span class='ocrx_word' id='word_1_287' title='bbox 389 3767 471 3810; x_wconf 70' lang='lat' dir='ltr'>ortem</span> <span class='ocrx_word' id='word_1_288' title='bbox 481 3757 748 3816; x_wconf 74' lang='lat' dir='ltr'>1.orationem0tlrer</span> <span class='ocrx_word' id='word_1_289' title='bbox 759 3771 819 3806; x_wconf 86' lang='lat' dir='ltr'>rrss.</span> <span class='ocrx_word' id='word_1_290' title='bbox 886 3759 917 3807; x_wconf 92' lang='lat'>11</span> <span class='ocrx_word' id='word_1_291' title='bbox 929 3761 1014 3821; x_wconf 78' lang='lat' dir='ltr'>inquis</span> <span class='ocrx_word' id='word_1_292' title='bbox 1028 3757 1122 3807; x_wconf 85' lang='lat' dir='ltr'>Forclr.</span> <span class='ocrx_word' id='word_1_293' title='bbox 1134 3771 1159 3820; x_wconf 86' lang='lat' dir='ltr'>p.</span> <span class='ocrx_word' id='word_1_294' title='bbox 1173 3759 1215 3806; x_wconf 77' lang='lat'>44.</span> <span class='ocrx_word' id='word_1_295' title='bbox 1282 3759 1314 3806; x_wconf 79' lang='lat'>14</span> <span class='ocrx_word' id='word_1_296' title='bbox 1328 3760 1398 3808; x_wconf 78' lang='lat' dir='ltr'>aedt-</span> 
     </span>
     <span class='ocr_line' id='line_1_33' title="bbox 236 3839 1397 3907; baseline -0.005 -13"><span class='ocrx_word' id='word_1_297' title='bbox 236 3845 345 3907; x_wconf 76' lang='lat' dir='ltr'>ficatam</span> <span class='ocrx_word' id='word_1_298' title='bbox 363 3841 475 3891; x_wconf 80' lang='lat' dir='ltr'>ACEPV</span> <span class='ocrx_word' id='word_1_299' title='bbox 495 3842 633 3894; x_wconf 83' lang='lat' dir='ltr'>Oxf.÷0r.</span> <span class='ocrx_word' id='word_1_300' title='bbox 653 3843 711 3904; x_wconf 74' lang='lat' dir='ltr'>Ba,</span> <span class='ocrx_word' id='word_1_301' title='bbox 731 3841 894 3904; x_wconf 73' lang='lat' dir='ltr'>aedifimtum</span> <span class='ocrx_word' id='word_1_302' title='bbox 911 3856 961 3890; x_wconf 80' lang='lat' dir='ltr'>erre</span> <span class='ocrx_word' id='word_1_303' title='bbox 980 3841 1045 3890; x_wconf 83' lang='lat' dir='ltr'>Bm.</span> <span class='ocrx_word' id='word_1_304' title='bbox 1061 3840 1114 3891; x_wconf 86' lang='lat' dir='ltr'>Mu.</span> <span class='ocrx_word' id='word_1_305' title='bbox 1130 3839 1190 3890; x_wconf 89' lang='lat' dir='ltr'>Sch.</span> <span class='ocrx_word' id='word_1_306' title='bbox 1305 3855 1321 3888; x_wconf 81' lang='lat' dir='ltr'>a</span> <span class='ocrx_word' id='word_1_307' title='bbox 1339 3839 1397 3890; x_wconf 74' lang='lat' dir='ltr'>Oxi.</span> 
     </span>
     <span class='ocr_line' id='line_1_34' title="bbox 244 3921 1400 3988; baseline -0.003 -14"><span class='ocrx_word' id='word_1_308' title='bbox 244 3925 368 3988; x_wconf 62' lang='grc' dir='ltr'><strong>[[ΑΒῊ,</strong></span> <span class='ocrx_word' id='word_1_309' title='bbox 387 3939 439 3973; x_wconf 92' lang='lat' dir='ltr'>om.</span> <span class='ocrx_word' id='word_1_310' title='bbox 457 3923 570 3974; x_wconf 70' lang='lat' dir='ltr'>cmo.</span> <span class='ocrx_word' id='word_1_311' title='bbox 704 3925 884 3986; x_wconf 74' lang='lat' dir='ltr'>conformatum</span> <span class='ocrx_word' id='word_1_312' title='bbox 901 3923 942 3986; x_wconf 89' lang='lat' dir='ltr'>[P]</span> <span class='ocrx_word' id='word_1_313' title='bbox 959 3923 1080 3985; x_wconf 62' lang='lat' dir='ltr'>Hervag„</span> <span class='ocrx_word' id='word_1_314' title='bbox 1098 3923 1270 3984; x_wconf 73' lang='lat' dir='ltr'>continuatum</span> <span class='ocrx_word' id='word_1_315' title='bbox 1285 3921 1400 3970; x_wconf 74' lang='lat' dir='ltr'>ABOEV</span> 
     </span>
     <span class='ocr_line' id='line_1_35' title="bbox 244 4004 1398 4069; baseline -0.005 -10"><span class='ocrx_word' id='word_1_316' title='bbox 244 4009 301 4059; x_wconf 76' lang='lat' dir='ltr'>Oxi.</span> <span class='ocrx_word' id='word_1_317' title='bbox 311 4011 393 4058; x_wconf 69' lang='lat' dir='ltr'>mcv</span> <span class='ocrx_word' id='word_1_318' title='bbox 398 4018 434 4061; x_wconf 58' lang='grc' dir='ltr'>ψ.</span> <span class='ocrx_word' id='word_1_319' title='bbox 533 4007 563 4058; x_wconf 89' lang='grc'><strong>17</strong></span> <span class='ocrx_word' id='word_1_320' title='bbox 580 4008 691 4055; x_wconf 80' lang='lat' dir='ltr'>animum</span> <span class='ocrx_word' id='word_1_321' title='bbox 701 4005 795 4069; x_wconf 83' lang='lat' dir='ltr'>[PV]o,</span> <span class='ocrx_word' id='word_1_322' title='bbox 812 4004 924 4053; x_wconf 70' lang='lat' dir='ltr'>oninium</span> <span class='ocrx_word' id='word_1_323' title='bbox 935 4005 1114 4054; x_wconf 70' lang='lat' dir='ltr'>aunuum</span> <span class='ocrx_word' id='word_1_324' title='bbox 1122 4004 1179 4056; x_wconf 74' lang='lat' dir='ltr'>uxr.</span> <span class='ocrx_word' id='word_1_325' title='bbox 1246 4005 1332 4053; x_wconf 72' lang='lat' dir='ltr'>nullus</span> <span class='ocrx_word' id='word_1_326' title='bbox 1343 4004 1398 4068; x_wconf 87' lang='lat' dir='ltr'>[X],</span> 
     </span>
     <span class='ocr_line' id='line_1_36' title="bbox 242 4083 1397 4150; baseline -0.003 -13"><span class='ocrx_word' id='word_1_327' title='bbox 242 4089 316 4137; x_wconf 75' lang='lat' dir='ltr'>natta</span> <span class='ocrx_word' id='word_1_328' title='bbox 331 4091 381 4137; x_wconf 78' lang='lat' dir='ltr'>BV.</span> <span class='ocrx_word' id='word_1_329' title='bbox 481 4086 514 4135; x_wconf 78' lang='lat'>20</span> <span class='ocrx_word' id='word_1_330' title='bbox 528 4094 637 4135; x_wconf 81' lang='lat' dir='ltr'>naturae</span> <span class='ocrx_word' id='word_1_331' title='bbox 652 4089 704 4135; x_wconf 70' lang='lat' dir='ltr'>istc</span> <span class='ocrx_word' id='word_1_332' title='bbox 724 4086 836 4150; x_wconf 82' lang='lat' dir='ltr'>[GEPV]</span> <span class='ocrx_word' id='word_1_333' title='bbox 855 4085 923 4148; x_wconf 75' lang='lat' dir='ltr'>Ort,</span> <span class='ocrx_word' id='word_1_334' title='bbox 944 4092 1051 4134; x_wconf 75' lang='lat' dir='ltr'>nattum</span> <span class='ocrx_word' id='word_1_335' title='bbox 1067 4091 1103 4133; x_wconf 81' lang='lat' dir='ltr'>rte</span> <span class='ocrx_word' id='word_1_336' title='bbox 1120 4083 1150 4143; x_wconf 77' lang='lat' dir='ltr'>A,</span> <span class='ocrx_word' id='word_1_337' title='bbox 1167 4091 1264 4134; x_wconf 80' lang='lat' dir='ltr'>natura</span> <span class='ocrx_word' id='word_1_338' title='bbox 1280 4085 1346 4133; x_wconf 75' lang='lat' dir='ltr'>ictuc</span> <span class='ocrx_word' id='word_1_339' title='bbox 1365 4085 1397 4134; x_wconf 89' lang='lat' dir='ltr'>B.</span> 
     </span>
     <span class='ocr_line' id='line_1_37' title="bbox 243 4166 1400 4230; baseline -0.003 -13"><span class='ocrx_word' id='word_1_340' title='bbox 243 4170 276 4217; x_wconf 72' lang='lat'>22</span> <span class='ocrx_word' id='word_1_341' title='bbox 292 4169 382 4218; x_wconf 78' lang='lat' dir='ltr'>cientis</span> <span class='ocrx_word' id='word_1_342' title='bbox 401 4167 472 4230; x_wconf 83' lang='lat' dir='ltr'>[B](t,</span> <span class='ocrx_word' id='word_1_343' title='bbox 494 4169 596 4216; x_wconf 66' lang='lat' dir='ltr'>ruentis</span> <span class='ocrx_word' id='word_1_344' title='bbox 616 4181 665 4215; x_wconf 86' lang='lat' dir='ltr'>rrss</span> <span class='ocrx_word' id='word_1_345' title='bbox 684 4166 821 4229; x_wconf 76' lang='lat' dir='ltr'>generally.</span> <span class='ocrx_word' id='word_1_346' title='bbox 940 4166 971 4214; x_wconf 80' lang='lat'>25</span> <span class='ocrx_word' id='word_1_347' title='bbox 988 4167 1136 4226; x_wconf 71' lang='lat' dir='ltr'>convictione</span> <span class='ocrx_word' id='word_1_348' title='bbox 1156 4167 1329 4215; x_wconf 77' lang='lat' dir='ltr'>continuatam</span> <span class='ocrx_word' id='word_1_349' title='bbox 1351 4179 1400 4215; x_wconf 85' lang='lat' dir='ltr'>rrss</span> 
     </span>
     <span class='ocr_line' id='line_1_38' title="bbox 242 4246 1399 4312; baseline -0.002 -13"><span class='ocrx_word' id='word_1_350' title='bbox 242 4249 372 4312; x_wconf 73' lang='lat' dir='ltr'>generally</span> <span class='ocrx_word' id='word_1_351' title='bbox 382 4249 466 4310; x_wconf 76' lang='lat' dir='ltr'>Allan,</span> <span class='ocrx_word' id='word_1_352' title='bbox 485 4249 631 4310; x_wconf 73' lang='lat' dir='ltr'>aequatione</span> <span class='ocrx_word' id='word_1_353' title='bbox 646 4250 798 4298; x_wconf 79' lang='lat' dir='ltr'>continuata</span> <span class='ocrx_word' id='word_1_354' title='bbox 813 4247 837 4297; x_wconf 83' lang='grc' dir='ltr'>Ε</span> <span class='ocrx_word' id='word_1_355' title='bbox 850 4246 910 4300; x_wconf 79' lang='lat' dir='ltr'>Sch.</span> <span class='ocrx_word' id='word_1_356' title='bbox 923 4247 977 4297; x_wconf 82' lang='lat' dir='ltr'>Mu.</span> <span class='ocrx_word' id='word_1_357' title='bbox 989 4247 1064 4306; x_wconf 79' lang='lat' dir='ltr'>Dar..</span> <span class='ocrx_word' id='word_1_358' title='bbox 1082 4249 1251 4308; x_wconf 68' lang='lat' dir='ltr'>coarctionem</span> <span class='ocrx_word' id='word_1_359' title='bbox 1267 4249 1399 4298; x_wconf 73' lang='lat' dir='ltr'>contim-</span> 
     </span>
     <span class='ocr_line' id='line_1_39' title="bbox 243 4327 1401 4391; baseline -0.003 -10"><span class='ocrx_word' id='word_1_360' title='bbox 243 4335 326 4381; x_wconf 82' lang='lat' dir='ltr'>tamlt</span> <span class='ocrx_word' id='word_1_361' title='bbox 337 4329 380 4380; x_wconf 83' lang='lat' dir='ltr'>Or.</span> <span class='ocrx_word' id='word_1_362' title='bbox 394 4329 442 4379; x_wconf 80' lang='lat' dir='ltr'>Ba.</span> <span class='ocrx_word' id='word_1_363' title='bbox 454 4327 551 4378; x_wconf 82' lang='lat' dir='ltr'>Haind.</span> <span class='ocrx_word' id='word_1_364' title='bbox 562 4327 629 4377; x_wconf 80' lang='lat' dir='ltr'>after</span> <span class='ocrx_word' id='word_1_365' title='bbox 639 4327 731 4377; x_wconf 78' lang='lat' dir='ltr'>Lamb.</span> <span class='ocrx_word' id='word_1_366' title='bbox 822 4343 873 4378; x_wconf 85' lang='lat' dir='ltr'>non</span> <span class='ocrx_word' id='word_1_367' title='bbox 880 4328 1019 4391; x_wconf 80' lang='lat' dir='ltr'>probabam</span> <span class='ocrx_word' id='word_1_368' title='bbox 1030 4340 1079 4377; x_wconf 86' lang='lat' dir='ltr'>rrss</span> <span class='ocrx_word' id='word_1_369' title='bbox 1090 4327 1229 4389; x_wconf 73' lang='lat' dir='ltr'>generally.</span> <span class='ocrx_word' id='word_1_370' title='bbox 1241 4342 1291 4377; x_wconf 86' lang='lat' dir='ltr'>non</span> <span class='ocrx_word' id='word_1_371' title='bbox 1298 4328 1401 4390; x_wconf 82' lang='lat' dir='ltr'>probem</span> 
     </span>
     <span class='ocr_line' id='line_1_40' title="bbox 242 4410 1400 4474; baseline -0.002 -10"><span class='ocrx_word' id='word_1_372' title='bbox 242 4412 320 4464; x_wconf 77' lang='lat' dir='ltr'>V’lw</span> <span class='ocrx_word' id='word_1_373' title='bbox 338 4413 395 4465; x_wconf 76' lang='lat' dir='ltr'>Oxi.</span> <span class='ocrx_word' id='word_1_374' title='bbox 409 4413 477 4471; x_wconf 80' lang='lat' dir='ltr'>Aac,</span> <span class='ocrx_word' id='word_1_375' title='bbox 494 4413 624 4474; x_wconf 81' lang='lat' dir='ltr'>inprobam</span> <span class='ocrx_word' id='word_1_376' title='bbox 634 4410 676 4469; x_wconf 89' lang='lat' dir='ltr'>V¹,</span> <span class='ocrx_word' id='word_1_377' title='bbox 693 4425 744 4461; x_wconf 88' lang='lat' dir='ltr'>non</span> <span class='ocrx_word' id='word_1_378' title='bbox 756 4413 834 4474; x_wconf 81' lang='lat' dir='ltr'>prote</span> <span class='ocrx_word' id='word_1_379' title='bbox 850 4415 879 4474; x_wconf 82' lang='lat' dir='ltr'>v,</span> <span class='ocrx_word' id='word_1_380' title='bbox 895 4412 1031 4474; x_wconf 81' lang='lat' dir='ltr'>probatam</span> <span class='ocrx_word' id='word_1_381' title='bbox 1042 4415 1069 4460; x_wconf 80' lang='lat' dir='ltr'>B.</span> <span class='ocrx_word' id='word_1_382' title='bbox 1182 4411 1213 4462; x_wconf 83' lang='lat'>27</span> <span class='ocrx_word' id='word_1_383' title='bbox 1230 4413 1400 4463; x_wconf 81' lang='lat' dir='ltr'>contineretur</span> 
     </span>
    </p>
   </div>
   <div class='ocr_carea' id='block_1_5' title="bbox 0 0 1568 4942">
    <p class='ocr_par' dir='ltr' id='par_1_5' title="bbox 0 0 1568 4942">
     <span class='ocr_line' id='line_1_41' title="bbox 0 0 1568 4942; baseline 0 0"><span class='ocrx_word' id='word_1_384' title='bbox 0 0 1568 4942; x_wconf 95' lang='lat' dir='ltr'> </span> 
     </span>
    </p>
   </div>
  </div>
 </body>
</html>
