3125 4942
634 704 1002 783 FRAGMENTA.

351 877 412 936 nx
440 876 571 936 mano
599 876 658 934 nn
686 876 872 935 Nurum
899 875 1087 935 nnonmr
1115 875 1279 934 sunnio.

305 1029 334 1092 1.
378 1026 523 1092 Laetant
538 1025 620 1092 Ioet.
635 1025 708 1092 Dio.
724 1043 752 1090 11
768 1029 796 1090 3.
817 1029 844 1089 2.
877 1023 1083 1109 Intelloyebot
1099 1023 1310 1112 Cicerosoleo
1324 1045 1398 1100 eaeo,

240 1153 321 1215 quoe
348 1130 488 1196 homino
516 1130 696 1196 adorarent.
741 1129 833 1195 Nom
859 1151 930 1195 oum
952 1129 1056 1195 molto
1082 1129 1222 1206 dixisset,
1248 1151 1329 1214 quoe
1351 1127 1398 1192 od

239 1233 427 1299 eversionem
451 1233 644 1320 religionum
668 1234 817 1311 ualerent,
840 1234 1015 1299 attamen
1040 1255 1106 1297 non
1129 1255 1196 1297 esse
1222 1233 1279 1296 illa
1300 1232 1397 1316 vulgo

239 1336 443 1422 disputanda,
480 1359 522 1401 ne
551 1345 715 1423 susceptas
746 1337 875 1423 publice
910 1338 1081 1422 religiones
1114 1338 1292 1423 disputatio
1321 1336 1397 1401 talis

240 1438 435 1524 exstinguat.
1436 1451 1454 1512 5

306 1554 335 1616 2.
379 1551 896 1620 Laount.1oo.1>io.118.1o.
930 1552 1039 1619 (licere
1060 1553 1099 1620 de
1123 1561 1244 1618 notura
1267 1551 1399 1617 deornm

240 1653 409 1739 disputans
433 1656 479 1722 aio
502 1657 571 1721 ait:
595 1657 741 1721 Primum
764 1657 866 1742 igitur
887 1679 952 1720 non
975 1664 1024 1721 est
1046 1655 1212 1743 probabile
1235 1677 1304 1720 eam
1328 1675 1398 1718 ma·

240 1758 357 1822 teriam
379 1781 495 1836 rerum,
521 1760 606 1824 unde
630 1769 702 1824 orta
725 1769 803 1825 sunt
829 1759 946 1838 omnia,
971 1783 1039 1825 esse
1062 1759 1173 1824 divina
1195 1758 1399 1844 providentia

241 1862 400 1939 effectam,
424 1863 481 1927 sed
504 1864 624 1928 habere
650 1872 684 1928 et
709 1864 860 1928 habuisse
882 1863 949 1926 vim
973 1871 1006 1928 et
1028 1871 1179 1928 naturam
1205 1885 1304 1927 suam.
1348 1861 1399 1925 Ut

242 1965 343 2050 igitur
365 1965 463 2043 faber,
493 1989 567 2032 oum
597 1968 676 2051 quid
701 1967 931 2033 aedificaturus
954 1976 1012 2044 est,
1036 1989 1099 2031 non
1131 1968 1200 2053 ipse
1229 1967 1308 2031 lacit
1329 1989 1397 2030 ma·
1417 1993 1457 2031 10

242 2069 368 2148 beriam,
389 2069 445 2133 sed
466 2093 505 2134 ea
526 2071 640 2148 utitur,
662 2094 746 2156 quae
767 2071 811 2136 sit
833 2079 954 2156 parata,
970 2071 1126 2156 fictorque
1148 2071 1229 2135 item
1251 2092 1332 2147 cera,
1353 2071 1398 2134 sio

242 2172 299 2238 isti
321 2171 541 2257 providentiae
565 2173 695 2237 divinae
724 2173 895 2237 materiam
918 2181 1046 2258 praesto
1072 2195 1140 2238 esse
1161 2173 1312 2258 oportuit,
1334 2195 1397 2236 non

240 2296 340 2360 quam
355 2274 424 2361 ipse
438 2275 565 2354 faceret,
588 2275 643 2340 sed
658 2297 757 2361 quam
771 2276 908 2342 haberet
930 2285 1085 2362 paratam.
1131 2277 1252 2356 Quodsi
1268 2299 1333 2341 non
1349 2285 1398 2341 est

241 2400 262 2442 a
276 2378 336 2442 deo
351 2378 487 2443 materia
501 2379 594 2457 facta,
609 2402 650 2444 ne
672 2388 759 2444 terra
780 2379 911 2464 quidem
932 2387 965 2444 et
988 2402 1073 2466 aqua
1093 2388 1127 2445 et
1150 2385 1205 2445 abr
1227 2387 1260 2444 et
1280 2381 1399 2466 ignisa

242 2480 303 2546 deo
317 2483 422 2547 factus
437 2493 494 2548 est.
1418 2517 1457 2577 15

308 2597 336 2658 3.
382 2593 463 2658 Maii
485 2602 563 2659 vett.
586 2595 718 2680 interpr.
737 2593 827 2682 Virg.
850 2618 881 2681 p.
898 2599 938 2660 45
963 2596 1011 2661 ed.
1034 2596 1254 2682 Med....opud
1277 2595 1399 2662 Cicero·

243 2718 314 2762 roem
328 2697 368 2763 de
381 2706 501 2763 notura
516 2698 648 2764 deorum
662 2698 728 2776 Lu,
739 2699 795 2764 ahi
809 2699 847 2763 do
864 2699 1037 2764 Cleomene
1052 2699 1313 2764 Lacedaemonio.

308 2821 337 2882 4.
382 2817 556 2883 Diomedes
571 2835 584 2882 Ι
602 2841 633 2904 p.
653 2823 725 2885 313.
747 2823 789 2885 10
809 2820 894 2884 Keil.
940 2821 1049 2886 Cicero
1070 2821 1109 2886 do
1131 2819 1260 2886 deornm
1279 2831 1400 2887 notura

242 2921 333 2987 tertio
344 2946 357 2986 .·
379 2921 527 2987 homines
541 2922 692 2987 omnibus
705 2921 820 2988 bestiis
834 2923 1040 2989 antecedunt.

583 3091 643 3149 EX
671 3092 816 3151 LIBRIS
844 3093 1053 3152 INGERTIS.

308 3207 337 3270 5.
381 3203 470 3270 Serv.
490 3204 536 3269 od
561 3203 902 3290 Ver9.Aea.111284.
943 3207 1066 3272 Tullios
1080 3207 1116 3273 io
1131 3207 1211 3274 libro
1226 3208 1265 3275 de
1278 3217 1400 3275 notura
1419 3235 1463 3272 20

243 3308 373 3374 wem
386 3309 451 3374 tria
466 3307 556 3372 milia
569 3330 729 3373 annorum
745 3309 828 3375 darii
843 3333 999 3396 magnum
1015 3333 1139 3376 annum
1154 3321 1273 3379 tenere.

309 3431 338 3495 0.
383 3429 472 3494 Serv.
487 3429 532 3494 od
557 3429 648 3514 Vero.
669 3429 750 3496 Aen.
766 3447 809 3493 111
833 3433 905 3496 600.
938 3429 1046 3498 dicero
1064 3431 1243 3517 spiritabile
1261 3432 1344 3500 dixit
1364 3434 1401 3498 in

243 3531 336 3598 libonis
349 3532 389 3598 de
403 3531 535 3598 deornm
548 3541 676 3598 aeterra.

308 3650 338 3720 7.
383 3651 471 3717 Serv.
486 3650 531 3716 od
551 3649 883 3735 Ver9.Aen.v1894.
918 3652 986 3719 Per
1003 3662 1133 3739 portora
1152 3677 1298 3721 cortonam
1315 3657 1401 3722 oculi

241 3755 473 3840 eiqntfloootor,
488 3753 545 3838 qai
559 3761 589 3818 ot
603 3753 710 3818 cornei
725 3763 838 3820 santet
852 3754 998 3822 doctiores
1013 3757 1123 3823 ceteris
1137 3757 1286 3824 nomon
1294 3781 1306 3837 ;
1321 3782 1400 3824 nont
1418 3787 1436 3826 2
1442 3786 1460 3845 5

241 3858 343 3943 frigus
357 3879 422 3920 non
437 3857 594 3933 sentiunt,
609 3857 691 3922 111111
712 3857 811 3923 etiam
834 3857 942 3925 Cicero
963 3859 1047 3926 dixit
1063 3861 1100 3925 in
1119 3860 1212 3928 libito
1226 3862 1266 3929 de
1279 3871 1400 3928 notura

242 3961 380 4025 deorum

289 4085 308 4140 l.
318 4088 356 4138 17.
384 4088 440 4146 Μ’,
452 4101 482 4136 so
492 4086 555 4147 Mai,
563 4087 771 4152 understnnding
781 4089 803 4140 11
814 4093 842 4140 to
852 4105 930 4141 mean
938 4093 1014 4142 liber
1024 4095 1132 4153 Tertiae,
1141 4093 1190 4144 bnt
1199 4093 1233 4144 hs
1244 4093 1267 4144 is
1278 4093 1400 4144 doubtful

241 4168 357 4219 whether
366 4169 388 4219 it
399 4167 493 4218 should
502 4171 549 4220 not
560 4169 592 4219 bo
603 4170 666 4220 read
675 4171 712 4220 ΙΤ
725 4172 774 4236 (lor
785 4173 865 4237 item).
899 4173 956 4224 Keil
969 4175 1057 4240 (Probi
1069 4179 1097 4226 in
1109 4178 1181 4240 Vero.
1193 4179 1257 4228 Bor.
1270 4186 1294 4228 et
1308 4181 1396 4242 Georo.

244 4254 335 4301 comm.
347 4265 372 4314 p.
384 4251 427 4312 011)
438 4249 489 4300 has
499 4265 536 4301 no
546 4251 627 4302 doubt
638 4251 698 4303 that
713 4253 750 4302 ῙΤ
764 4253 789 4303 is
804 4253 849 4304 tho
865 4257 922 4305 true
935 4255 1050 4319 reading.
1083 4257 1120 4306 As
1130 4257 1151 4308 it
1163 4256 1186 4308 is
1197 4257 1306 4309 diffionlt
1318 4263 1345 4308 to
1356 4275 1401 4310 see

241 4332 288 4382 the
303 4331 528 4396 appropriationem
544 4333 573 4382 ol
586 4336 655 4395 ium,
674 4334 687 4383 1
704 4334 799 4384 should
815 4336 904 4387 rather
920 4337 1067 4401 conjecture
1083 4338 1129 4390 the
1145 4339 1264 4390 numeral
1280 4355 1301 4389 n
1317 4355 1400 4390 orm.

242 4415 286 4464 Or.
298 4414 346 4464 Ba.
360 4413 413 4463 and
423 4413 478 4464 Mn.
489 4413 550 4464 read
561 4417 600 4464 IT
609 4415 718 4465 without
729 4417 839 4469 remark.

291 4496 309 4545 1.
321 4497 362 4544 22.
394 4497 547 4558 spiritabile,
559 4498 676 4558 opiutole
687 4497 765 4547 Thilo
775 4497 830 4548 and
840 4499 941 4560 Hagen.
