3125 4942
233 429 274 491 14
618 441 664 490 ns
687 441 829 492 narona
852 443 1006 493 nnoauu.

231 593 318 658 inest
332 593 367 657 in
382 591 567 677 corporibus
583 591 711 669 nostris,
724 592 833 669 efficit,
849 601 887 657 ut
907 593 1095 671 sentiamus,
1111 615 1175 658 non
1195 601 1304 678 potest
1321 592 1391 677 ipse

232 716 301 760 csse
327 694 397 760 sine
424 716 530 759 sensu.
577 693 703 759 Rursus
732 694 847 759 eadem
878 694 942 759 dici
972 701 1126 780 possunt:
1156 694 1311 779 quiequid
1342 703 1393 759 est

232 799 328 875 enirn,
343 799 429 884 quod
445 821 575 863 sensum
591 798 720 874 habeat,
735 797 768 862 id
785 819 914 861 necesse
930 805 980 862 est
998 797 1119 862 sentiat
1139 807 1174 863 et
1188 799 1390 883 voluptatem

232 910 267 966 et
292 902 454 982 dolorem3
479 902 520 967 ad
547 924 645 986 quem
671 909 783 965 autem
808 901 898 966 dolor
920 901 1041 978 veniat,
1063 901 1103 965 nd
1128 901 1268 966 eundem
1292 902 1391 966 etiam

234 1007 404 1071 interitum
423 1006 542 1071 venire.
587 1005 642 1069 Ita
659 1005 705 1084 fit,
724 1015 764 1069 ut
783 1027 824 1070 ne
844 1004 954 1092 ignem
972 1005 1104 1090 quidem
1121 1007 1245 1071 efficere
1263 1005 1392 1091 possitis
1428 1027 1445 1087 5

183 1120 220 1178 37
234 1117 412 1175 aeternum.
455 1109 544 1189 Quid
562 1109 673 1174 enimi
695 1131 761 1173 non
781 1109 885 1174 isdem
908 1109 997 1174 vobis
1017 1108 1124 1195 placet
1139 1132 1268 1174 omnem
1283 1110 1392 1195 ignem

234 1221 346 1297 pastus
360 1211 505 1298 indigere
519 1235 579 1276 nec
598 1234 787 1298 permanere
803 1211 870 1277 ullo
885 1211 980 1277 modo
997 1234 1098 1298 posse,
1115 1213 1177 1278 nisi
1197 1213 1326 1278 alatari
1348 1212 1393 1276 ali

234 1323 345 1380 autern
374 1315 485 1393 solem,
515 1314 637 1392 lunam,
667 1315 793 1400 reliqua
821 1323 909 1380 astra
931 1314 1034 1399 aquis,
1060 1315 1125 1379 alia
1148 1314 1305 1392 dulcibus,
1328 1314 1394 1379 alia

235 1418 390 1482 marinisl
434 1419 580 1504 Eamque
595 1440 726 1483 causam
741 1417 918 1484 Cleanthes
933 1419 1036 1496 affert,

394 1570 452 1607 eur
475 1570 508 1606 se
532 1553 581 1607 sol
605 1553 730 1607 referat
753 1571 813 1608 nec
836 1553 970 1625 longius
993 1553 1230 1625 progrediatur
1411 1580 1448 1619 10

395 1641 577 1696 solstitiali
601 1641 673 1695 orbi

236 1761 381 1846 itemque
396 1759 546 1837 brumali,
562 1781 603 1824 ne
618 1759 747 1846 longius
761 1760 906 1826 discedat
922 1783 942 1826 a
957 1763 1036 1827 cibe.
1082 1761 1155 1827 Hoc
1170 1771 1278 1828 totum
1297 1762 1393 1847 quale

236 1865 288 1943 sit,
308 1887 403 1945 m0x3
423 1885 511 1928 nunc
531 1871 640 1928 sutem
661 1862 873 1928 concludatur
891 1864 992 1930 illud:
1015 1865 1102 1951 quod
1125 1866 1258 1930 interire
1280 1865 1391 1950 possit,

236 1969 269 2034 id
292 1977 462 2034 aeternum
484 1990 550 2032 non
572 1989 642 2032 esse
663 1976 800 2048 natura3
822 1969 932 2054 ignem
953 1978 1064 2033 autem
1085 1969 1296 2034 interiturum
1316 1991 1393 2047 esse,

235 2073 296 2138 nisi
313 2072 437 2152 aletur;
458 2093 523 2136 non
539 2093 608 2136 esse
622 2071 723 2157 igitur
737 2078 854 2136 natura
868 2071 978 2158 ignem
993 2072 1235 2158 sempiternum.
1411 2095 1446 2155 15

185 2180 223 2238 38
301 2176 373 2242 XV.
417 2176 557 2256 Qualem
579 2182 690 2240 autem
712 2176 811 2241 deum
833 2176 1022 2262 intellegere
1040 2198 1099 2241 nos
1119 2197 1289 2262 possumus
1304 2176 1394 2240 nulla

236 2280 359 2345 virtute
375 2279 581 2365 praeditum?
625 2278 712 2358 Quid
728 2279 839 2343 enimi
862 2279 1112 2365 prudentiamne
1126 2278 1187 2343 deo
1204 2280 1394 2354 tribuemus,

236 2405 321 2468 quae
346 2391 474 2447 constat
497 2405 537 2446 ex
561 2382 697 2447 scientia
721 2404 830 2446 rerum
856 2383 1014 2447 bonarum
1041 2390 1075 2447 et
1099 2381 1256 2447 malarum
1279 2389 1313 2446 et
1335 2403 1394 2446 nee

237 2487 395 2552 bonarum
417 2508 477 2550 nec
498 2485 682 2550 malarum?
726 2485 791 2550 Cui
813 2486 890 2550 mali
914 2485 996 2550 nihil
1024 2495 1073 2550 est
1097 2509 1156 2552 nee
1183 2508 1251 2551 esse
1277 2495 1394 2571 potest,

237 2588 315 2675 quid
334 2588 413 2653 huie
432 2610 513 2674 opus
533 2595 582 2652 est
602 2588 724 2652 dilectu
746 2587 905 2652 bonorum
927 2597 961 2653 et
981 2588 1165 2654 malorum?
1187 2588 1267 2673 quid
1282 2597 1393 2653 autem
1410 2619 1447 2657 20

238 2692 386 2757 ratione?
415 2691 492 2776 quid
518 2690 767 2776 intellegentia?
797 2691 917 2777 quibus
942 2690 1068 2756 utimur
1093 2691 1134 2756 ad
1159 2713 1230 2756 earn
1254 2713 1332 2769 rem,
1356 2700 1394 2755 ut

238 2795 358 2882 apertis
374 2794 508 2859 obscura
522 2815 732 2879 assequamur
741 2818 749 2874 ;
771 2802 807 2858 at
822 2793 993 2859 obscurum
1009 2793 1069 2859 deo
1089 2793 1172 2858 nihil
1192 2803 1392 2879 potestesse.

238 2902 325 2965 Nam
346 2899 488 2985 justitia,
515 2921 598 2984 quae
622 2920 718 2963 suum
744 2898 861 2985 cuique
885 2898 1061 2977 distribuit,
1083 2899 1163 2985 quid
1187 2899 1330 2984 pertinet
1352 2897 1393 2963 sd

238 3004 337 3068 deosi
366 3002 535 3066 hominum
559 3001 647 3066 enim
673 3001 809 3066 societas
832 3009 865 3067 et
891 3001 1115 3079 communitas,
1137 3010 1176 3066 ut
1197 3023 1253 3066 vos
1279 3001 1394 3078 dicitis,

234 3105 400 3192 justitiam
421 3105 611 3189 procreavit.
657 3103 890 3189 Temperantia
912 3113 1023 3170 autem
1046 3111 1232 3170 constater
1254 3111 1395 3190 praeler-
1411 3131 1426 3170 2
1432 3128 1447 3188 5

239 3208 408 3274 mittendis
434 3206 657 3294 voluptatibus
683 3206 831 3292 corporis,
855 3207 908 3272 cui
931 3207 958 3272 si
984 3208 1072 3273 locus
1095 3207 1130 3271 in
1156 3208 1244 3272 eaelo
1266 3215 1325 3284 est,
1346 3215 1397 3272 est

239 3315 339 3380 etiam
361 3312 593 3398 voluptatibus.
637 3311 726 3375 Nem
749 3311 841 3376 fortis
861 3311 940 3377 deus
960 3312 1108 3399 intellegi
1130 3311 1187 3397 qui
1209 3315 1339 3397 potesti
1362 3311 1396 3374 in

239 3419 371 3485 doloret
402 3441 444 3481 an
468 3417 504 3481 in
533 3417 664 3481 laboret
694 3439 737 3481 an
763 3417 798 3481 in
828 3418 994 3502 perieulol
1025 3441 1163 3504 quorum
1189 3419 1287 3483 deum
1314 3417 1397 3482 nihil

187 3527 225 3586 39
239 3521 383 3607 attingit.
415 3521 489 3585 Nec
502 3520 628 3584 ratione
639 3519 740 3604 igitur
753 3528 903 3585 utentem
918 3543 978 3586 nec
993 3521 1116 3586 virtute
1130 3521 1198 3585 ulla
1213 3520 1395 3606 praeditum

240 3628 337 3691 deum
353 3625 542 3710 intellegere
557 3624 615 3709 qui
629 3629 822 3709 possumusi
1413 3644 1451 3700 30

305 3731 376 3795 Nec
397 3751 472 3794 vero
493 3728 583 3814 vulgi
602 3736 700 3813 atque
721 3726 946 3814 imperitorum
961 3726 1125 3792 inscitiam
1140 3727 1303 3814 despicere
1325 3749 1398 3812 pos-

290 3943 321 3990 11
337 3943 470 3992 solstitiali
485 3940 629 4004 [BCEPW]
645 3941 712 4004 Oxi,
730 3943 874 3991 solistitiali
885 3941 940 3992 ΑΨ
952 3941 1044 4004 (Orelli
1060 3941 1129 4004 gives
1142 3941 1273 3992 instaures
1286 3943 1314 3993 oi
1328 3957 1399 3994 same

240 4029 308 4078 lorm
319 4025 348 4074 in
359 4024 434 4075 other
444 4023 550 4074 ancient
561 4023 629 4088 uss),
645 4026 793 4073 solisticiali
804 4027 830 4074 a
933 4025 987 4073 orbi
999 4023 1087 4073 acPv
1098 4023 1156 4074 Oxi.
1170 4027 1199 4084 B,
1217 4024 1274 4072 orbe
1287 4023 1399 4074 Bam

242 4108 302 4160 sich.
414 4107 445 4157 16
461 4121 505 4156 aar
516 4105 658 4169 [ABGEPL
676 4121 727 4155 noa
738 4105 761 4154 V
772 4105 830 4157 Oxi.
844 4109 945 4166 miii,
959 4119 1010 4155 om.
1023 4109 1069 4155 00.
1180 4107 1211 4156 19
1228 4106 1296 4155 nihil
1307 4112 1343 4155 etl
1354 4121 1399 4155 nec

241 4189 443 4252 arianimirus
457 4201 502 4236 aec
518 4201 568 4236 erte
580 4186 630 4249 Vo,
649 4188 885 4236 dirimentione
898 4185 956 4234 Oxi.
969 4189 1004 4235 li.
1136 4185 1168 4234 20
1185 4187 1280 4235 dilecta
1291 4183 1399 4234 ABEPB

242 4271 343 4332 Oxi.÷,
361 4271 459 4320 deiecta
474 4267 560 4323 0V÷.
691 4269 723 4318 2³
740 4269 872 4318 distribuit
888 4281 938 4317 uss
953 4267 1085 4330 generally
1095 4268 1140 4318 Or.
1152 4267 1213 4318 sah.
1225 4267 1288 4329 Mu..
1308 4271 1399 4319 tribuit

241 4352 265 4401 E
275 4352 323 4403 Ba
434 4353 467 4402 27
483 4352 599 4412 intelleqi
610 4352 656 4414 qai
666 4363 731 4400 corr.
743 4351 775 4400 ir.
787 4351 919 4413 intellequi
930 4350 961 4412 A,
975 4363 1026 4400 orn.
1039 4352 1083 4413 qui
1095 4349 1161 4401 ΟΜ.
1273 4350 1305 4399 81
1323 4352 1398 4400 iasci-

243 4436 308 4485 tiam
318 4448 383 4484 corr.
395 4433 426 4482 ir.
438 4434 556 4483 imritont
566 4430 621 4481 Av.
