3125 4942
350 423 355 432 '
388 439 452 487 ms.
476 440 518 487 111
541 440 614 488 car.
639 439 876 486 xxxviii-xa
899 421 936 506 ἓξ
959 425 1098 488 91-95.
1278 421 1319 482 39

158 583 273 648 divine
286 585 388 649 etiarn
403 587 444 651 de
459 586 601 672 singulis.
646 588 775 652 Videtis
790 609 865 672 ergo
882 609 945 651 non
961 609 1029 653 esse
1051 609 1124 651 eam
1144 594 1212 650 tam
1228 607 1323 649 occu-

159 696 279 768 patam,
298 708 395 771 quarn
418 688 608 773 putabatis?
653 689 718 752 Fac
741 711 809 752 esse
831 688 1018 765 distentam,
1041 690 1167 753 caelum
1190 709 1322 750 versan-

158 798 236 864 tem,
252 798 373 854 terram
393 800 553 869 tuentem,
569 792 673 857 maria
690 793 932 871 moderantem3
954 816 1011 859 cur
1025 801 1093 858 tam
1109 792 1230 856 multos
1245 792 1321 856 deos

158 893 243 957 nihil
257 917 352 980 agere
368 905 402 961 et
422 918 544 962 cessare
566 898 715 983 patitur?
738 921 795 961 cur
815 920 879 962 non
902 899 999 964 rebus
1021 897 1173 961 humanis
1195 896 1322 980 aliquos

123 1019 140 1079 5
158 995 277 1060 otiosos
298 997 375 1063 deos
397 999 552 1084 praeficit,
577 1001 634 1086 qui
656 1024 676 1064 a
698 1009 741 1078 te,
759 1001 871 1078 Balbe,
892 999 1145 1064 innumerabiles
1167 998 1322 1084 explicati

157 1101 259 1162 suut?
304 1098 395 1164 Haec
417 1100 483 1165 fere
506 1101 612 1166 dicere
632 1102 735 1167 habui
755 1101 795 1166 de
816 1111 934 1166 natura
952 1101 1094 1178 deorum,
1110 1122 1174 1164 non
1190 1108 1228 1164 ut
1246 1121 1320 1162 eam

156 1197 317 1276 tollerem,
343 1201 399 1265 sed
424 1211 462 1266 ut
488 1203 731 1288 intellegeretis,
755 1225 854 1289 quam
880 1211 964 1268 esset
994 1202 1129 1266 obscura
1158 1211 1191 1264 et
1221 1222 1321 1286 quam

156 1301 304 1368 difficiles
319 1305 499 1389 explicatus
514 1307 658 1372 haberet.

224 1405 293 1471 XL.
338 1407 431 1486 Quae
461 1432 536 1473 cum
566 1409 710 1486 dixisset,
740 1409 840 1475 Cotta
869 1409 977 1474 finem.
1026 1409 1171 1474 Lucilius
1200 1417 1319 1485 autem,
1334 1415 1372 1474 94

105 1535 142 1572 ιο
158 1509 405 1590 Vehementius,
428 1513 546 1598 inquit,
573 1514 682 1593 Cotta,
709 1522 745 1578 tu
777 1515 910 1599 quidem
942 1514 1090 1578 invectus
1119 1535 1154 1577 es
1183 1513 1218 1576 in
1248 1534 1321 1576 eam

158 1611 342 1679 Stoicorum
363 1615 533 1693 rationem,
547 1639 631 1702 quae
654 1617 694 1681 de
714 1617 920 1702 providentia
938 1617 1073 1680 deorum
1089 1615 1131 1680 ab
1145 1615 1211 1680 illis
1230 1636 1319 1680 sanc-

157 1716 284 1783 tissime
300 1727 334 1782 et
348 1720 629 1804 providentissime
650 1721 830 1786 constituta
846 1731 903 1785 est.
949 1719 1014 1784 Sed
1035 1719 1189 1804 quoniam
1208 1718 1319 1782 adves-

156 1820 306 1903 perascit,
332 1821 425 1886 dabis
454 1825 548 1887 nobis
577 1822 664 1887 diem
690 1824 844 1909 aliquem,
869 1833 907 1888 ut
937 1833 1050 1889 contra
1076 1824 1139 1886 ista
1165 1822 1319 1887 dicamus.

156 1923 219 1989 Est
232 1926 322 1990 enim
337 1927 419 1991 mihi
434 1936 544 1992 tecum
559 1950 616 2013 pro
635 1929 700 1993 aris
715 1938 749 1993 et
763 1929 842 1992 focis
862 1935 1026 1992 certamen
1048 1935 1083 1991 et
1104 1949 1162 2011 pro
1186 1925 1320 1989 deorum

104 2053 139 2112 ¹5
157 2027 292 2113 templis
306 2036 406 2114 atque
423 2030 566 2095 delubris
585 2053 708 2116 proque
732 2030 821 2094 urbis
843 2029 952 2107 muris,
968 2051 1048 2114 quos
1063 2051 1128 2106 vos,
1143 2026 1320 2114 pontifices

156 2139 285 2197 sanctos
307 2155 377 2197 esse
399 2133 507 2198 dicitis
530 2133 784 2221 diligentiusque
808 2134 923 2198 urbem
945 2132 1101 2218 religione
1123 2153 1222 2217 quam
1240 2131 1320 2216 ipsis

158 2235 328 2300 moenibus
358 2237 505 2322 cingitis3
535 2260 618 2324 quae
649 2237 753 2302 deseri
783 2261 803 2302 a
832 2260 894 2314 me,
925 2237 1004 2301 dum
1036 2236 1168 2321 quidem
1199 2235 1320 2319 spirare

159 2347 281 2423 potero,
298 2340 388 2403 nefas
405 2340 526 2425 judico.
571 2341 656 2405 Tum
679 2340 798 2406 Cotta:
823 2341 893 2426 Ego
914 2361 990 2405 vero
1013 2348 1047 2404 et
1070 2346 1147 2424 opto
1168 2336 1320 2418 redargui
1333 2347 1370 2404 95

159 2465 220 2519 me,
236 2443 348 2522 Balbe,
363 2451 397 2508 et
412 2467 458 2520 ea,
475 2467 558 2530 quae
573 2445 744 2529 disputavi,
760 2445 916 2510 disserere
935 2445 1036 2509 malui
1055 2467 1154 2530 quam
1172 2442 1319 2528 judicare

104 2569 144 2607 20
160 2556 195 2611 et
208 2546 303 2610 facile
319 2569 372 2610 me
388 2569 408 2610 a
422 2556 457 2613 te
472 2547 559 2612 vinci
573 2571 666 2633 posse
681 2558 769 2613 certo
785 2549 857 2614 scio.
889 2547 1027 2632 Quippe,
1043 2548 1151 2632 inquit
1165 2547 1321 2624 Velleius,

159 2649 216 2734 qui
232 2649 333 2714 etiam
347 2651 474 2714 somnia
486 2660 583 2736 putet
597 2651 638 2715 ad
653 2673 711 2715 nos
729 2652 819 2716 mitti
840 2652 882 2715 ab
900 2652 994 2728 Jove,
1011 2673 1095 2736 quae
1115 2650 1186 2736 ipsa
1208 2659 1321 2715 tamen

160 2765 229 2818 tam
258 2754 344 2819 levia
368 2777 433 2818 non
459 2765 545 2834 suut,
569 2778 668 2841 quam
693 2764 742 2820 est
768 2756 951 2821 Stoicorum
977 2756 1017 2820 de
1040 2763 1158 2819 natura
1187 2754 1320 2818 deorum

159 2858 270 2923 oratic.
314 2858 406 2923 Haec
435 2881 509 2923 cum
544 2868 651 2924 essent
681 2860 776 2937 dicta,
806 2861 855 2924 ita
884 2859 1096 2935 discessimus,
1125 2867 1164 2921 ut
1195 2855 1320 2922 Velleio

160 2960 277 3027 Cottae
298 2961 478 3048 disputatio
499 2963 611 3040 verior,
629 2963 713 3027 mihi
732 2963 829 3027 Balbi
847 2962 888 3026 ad
903 2963 1051 3027 veritatis
1071 2960 1320 3026 similitudinem

108 3090 122 3128 2
125 3087 142 3147 5
159 3065 326 3131 videretur
340 3087 409 3130 esse
423 3066 618 3152 propensior.

209 3268 277 3327 dut,
297 3267 385 3316 otis.
458 3315 461 3320 ,
535 3269 567 3317 10
583 3271 612 3318 in
628 3285 683 3319 eum
699 3269 861 3331 GE,ineram
879 3265 1260 3330 (withrerassd)l,ineram
1276 3265 1320 3313 BP

160 3351 284 3415 (superse.
297 3351 384 3412 tuam)
394 3350 437 3410 V¹,
447 3353 477 3400 iu
488 3366 580 3401 mnam
592 3351 684 3402 woxf
692 3357 770 3409 nv,
783 3353 811 3400 iu
828 3367 912 3401 aream
931 3354 1006 3402 istam
1022 3355 1043 3410 1,
1055 3353 1083 3400 in
1102 3365 1187 3400 uerum
1205 3351 1281 3398 telam
1291 3353 1317 3400 1..

160 3433 192 3481 12
203 3432 426 3495 providentissime
435 3430 551 3494 [levvi
561 3433 756 3496 prudentissime
767 3432 822 3484 ΒΕ.
