3125 4942
369 433 437 486 ms.
453 433 496 486 111
518 435 592 487 oar.
608 433 850 486 xxvrr-xxrx
872 413 913 507 ἐξ
936 418 1075 488 69-73.
1255 413 1296 484 29

11 568 16 645 l
135 577 235 664 guina
254 579 412 645 Centauri
433 581 570 647 tinctam
593 581 693 660 dedit,
708 603 769 646 nec
789 579 939 667 prodesse
962 579 1107 645 Pheraeo
1127 577 1241 644 Jasoni
1261 578 1297 656 is,

135 682 193 766 qui
221 682 331 767 gladio
355 684 515 749 vomicam
546 685 617 771 ejus
646 685 784 771 aperuit,
814 707 912 771 quam
943 705 1056 748 sanare
1086 681 1203 747 medici
1232 703 1299 745 non

135 794 320 872 potuerant.
364 787 464 853 Multi
486 788 574 853 enim
597 797 640 868 et,
662 812 737 855 oum
760 790 871 854 obesse
894 790 1025 866 vellent,
1043 786 1233 873 profuerunt
1255 793 1298 863 et,

11 916 18 973 ρ
135 910 211 954 curn
238 890 397 974 prodesse,
422 890 606 957 obfuerunt.
662 893 716 958 Ita
739 915 805 957 non
828 892 999 969 literae,
1023 890 1109 976 quod
1132 890 1298 966 datur,ut

104 1018 121 1077 5
138 995 288 1060 voluntas
308 996 460 1082 ejusqui
476 996 612 1076 dederit,
627 1005 793 1084 appareat,
808 1019 877 1076 neo,
893 997 919 1061 si
935 996 971 1071 is,
989 995 1046 1082 qui
1065 995 1200 1080 accepit,
1214 994 1297 1059 bene

137 1098 253 1178 utitur,
276 1099 394 1165 idcirco
416 1099 453 1178 is,
476 1100 534 1186 qui
556 1101 656 1178 dedit,
679 1101 783 1166 amice
810 1099 908 1166 dedit.
954 1099 1047 1180 Quae
1071 1098 1159 1163 enim
1185 1096 1296 1172 libido,
1312 1107 1349 1167 71

12 1199 18 1213 ’
136 1224 222 1288 quae
236 1203 383 1282 avaritia,
398 1203 485 1289 quod
499 1205 624 1270 facinus
639 1213 698 1270 aut
713 1205 889 1290 suscipitur
903 1203 966 1269 nisi
982 1203 1112 1268 consilio
1130 1209 1225 1288 capto
1239 1210 1298 1266 aut

136 1306 206 1372 sine
220 1307 325 1372 animi
339 1316 431 1373 motu
446 1317 482 1375 et
496 1308 701 1394 cogitatione,
716 1308 750 1373 id
766 1317 817 1373 est
831 1308 965 1385 ratione,
977 1306 1165 1394 perficiturl
1209 1305 1296 1369 Nam

136 1411 241 1475 omnis
266 1411 376 1497 opinio
404 1411 488 1477 ratio
511 1421 572 1490 est,
599 1421 634 1478 et
660 1411 794 1498 quidem
821 1411 906 1475 bona
931 1409 1022 1489 ratio,
1049 1410 1076 1476 si
1100 1432 1185 1488 vera,
1211 1409 1298 1474 mala

83 1539 123 1577 ιο
136 1519 258 1588 autem,
274 1511 303 1575 si
317 1511 399 1575 falsa
413 1519 464 1575 est
484 1511 601 1598 opinio.
648 1510 714 1576 Sed
737 1533 758 1575 a
779 1509 840 1576 deo
862 1518 993 1575 tantum
1016 1509 1175 1574 rationem
1197 1507 1297 1572 habe-

137 1637 220 1692 mus,
234 1615 263 1680 si
277 1615 373 1681 modo
387 1615 555 1694 habemus,
570 1616 689 1681 bonam
704 1623 817 1681 autem
832 1615 992 1680 rationem
1012 1623 1070 1679 aut
1090 1635 1156 1678 non
1177 1613 1296 1679 bonam

11 1780 17 1792 ,
136 1741 157 1784 a
173 1719 276 1784 nobis.
320 1719 397 1784 Non
419 1719 517 1797 enim,
531 1728 571 1784 ut
592 1719 827 1806 patrimonium
851 1717 1055 1804 relinquitur,
1075 1718 1119 1784 sic
1141 1716 1224 1783 ratio
1247 1726 1297 1782 est

138 1820 265 1887 homini
287 1822 444 1889 beneficio
465 1823 599 1889 deorum
626 1822 711 1888 data
756 1820 844 1902 Quid
870 1823 958 1887 enim
980 1821 1089 1906 potius
1111 1820 1298 1885 hominibus

137 1925 312 2004 dedissent,
333 1926 361 1991 si
383 1927 423 1991 iis
444 1948 560 1992 nocere
581 1926 782 1991 voluissent?
827 1925 1015 2011 Injustitiae
1037 1932 1157 2002 autam,
1178 1923 1297 1986 intem-

11 2028 18 2091 ἱ
82 2059 119 2119 ¹5
136 2029 314 2114 perantiae,
328 2029 518 2094 timiditatis
537 2052 621 2115 quae
641 2029 767 2094 semina
785 2037 903 2106 essent,
918 2027 947 2094 si
961 2028 1013 2093 his
1027 2027 1117 2092 vitiis
1135 2026 1218 2091 ratio
1232 2048 1298 2091 non

137 2132 306 2199 subesset?

203 2237 330 2304 XXIX
375 2236 494 2302 Medea
510 2237 655 2302 modoet
671 2237 793 2302 Atreus
813 2236 1149 2302 commemorabantur
1162 2257 1182 2302 a
1196 2233 1299 2310 nobis,

12 2346 15 2455 l
136 2341 285 2406 heroicae
314 2362 479 2427 personae,
507 2340 591 2406 inita
619 2341 843 2428 subductaque
873 2341 998 2406 ratione
1027 2339 1151 2405 nefaria
1180 2340 1300 2405 scelera

136 2444 341 2511 meditantes
387 2444 498 2526 Quidr
526 2443 677 2510 levitates
698 2445 839 2510 comicae
861 2466 1019 2530 parumne
1042 2465 1169 2530 semper
1191 2443 1227 2508 in
1248 2466 1298 2508 ra-
1313 2451 1350 2513 72

13 2602 15 2611 ,
79 2575 122 2614 20
135 2546 228 2613 tione
241 2552 433 2614 versanturl
454 2569 613 2634 parumne
627 2547 793 2614 subtiliter
808 2548 956 2634 disputat
970 2547 1026 2614 ille
1041 2547 1076 2612 in
1091 2546 1276 2613 Eunucho?

11 1501 23 1540 7

209 2676 295 2744 Quid
314 2677 421 2747 igitur
438 2676 581 2732 faciam?
583 2718 649 2732 ......

13 2800 14 2841 p
210 2764 376 2837 Exclusit,
396 2769 550 2835 revocat3
577 2766 729 2822 redeam?
755 2783 830 2836 non,
848 2767 877 2822 si
897 2783 947 2822 me
967 2765 1126 2824 obsecret

135 2887 200 2953 Ille
213 2909 290 2953 vero
305 2888 341 2952 in
356 2888 561 2974 Synephebis
576 2888 844 2955 Academicorum
860 2911 948 2954 more
964 2898 1075 2955 contra
1093 2911 1298 2956 communem

135 2991 323 3078 opinionem
338 3015 405 3057 nou
420 2992 550 3058 dubitat
565 3014 709 3079 pugnare
722 2993 858 3072 ratione,
873 2993 931 3078 qui
945 2993 1001 3059 ‘in
1016 3017 1141 3060 amore
1155 3017 1298 3061 summo

80 3121 117 3182 ²5
134 3116 360 3180 summaque
375 3095 508 3181 inopia
521 3117 638 3160 suave
652 3095 751 3163 esse'
766 3096 846 3162 dicit

12 3202 20 3253 l
207 3226 383 3294 parentem
400 3222 523 3279 habere
544 3241 688 3294 avarum,
709 3224 898 3298 illepidum,
918 3225 953 3280 in
973 3225 1099 3282 liberos

208 3307 397 3377 difficilem,
417 3308 475 3379 qui
496 3311 529 3364 te
551 3327 610 3364 nec
630 3314 719 3366 amet
737 3327 800 3365 nec
816 3309 954 3365 studeat
973 3310 1031 3367 tui.

136 3431 251 3516 Atque
265 3430 342 3496 huic
357 3429 542 3498 incredibili
555 3433 738 3498 sententiae
753 3432 952 3497 ratiunculas
967 3433 1130 3518 suggerit:
1314 3441 1353 3502 73

209 3553 269 3606 aut
287 3554 326 3605 tu
346 3550 444 3606 illum
464 3551 579 3606 fructu
597 3551 699 3608 fallas
719 3555 778 3608 aut
799 3570 856 3624 por
874 3552 1014 3608 litteras

80 3667 121 3724 30
208 3641 345 3694 avertas
365 3638 504 3710 aliquod
523 3656 642 3696 nomen
660 3643 721 3697 aut
738 3658 797 3713 per
815 3640 985 3696 servolum

13 3840 17 3855 ι
136 3788 184 3840 at,
202 3789 227 3832 et
243 3782 346 3845 quim
362 3782 427 3832 bona
441 3785 518 3841 ratio,
535 3785 560 3834 rt
575 3799 645 3844 vera,
662 3785 732 3834 mala
748 3792 840 3844 arnan,
856 3787 882 3835 ri
892 3787 966 3849 sclao
982 3792 1019 3835 ert
1035 3785 1129 3849 opinio.
1164 3786 1214 3836 Sed
1227 3801 1244 3835 a
1255 3788 1300 3838 dcc

137 3865 372 3914 mmrattcnern
384 3865 539 3927 laternum·
550 3867 621 3916 modo
632 3867 757 3925 habmus,
766 3869 855 3918 bonam
865 3873 950 3916 cutem
959 3869 1084 3917 rationem
1094 3873 1140 3916 cat
1151 3881 1201 3918 oon
1212 3868 1300 3919 mnam

135 3949 247 3998 ancta.
346 3948 379 3997 78
394 3949 808 4013 cumeiussgenerally,caiGB.

187 4029 202 4078 1
218 4031 310 4080 Jcroas'
320 4031 345 4080 is
355 4032 402 4094 qai
413 4030 523 4095 [ABGP]
534 4031 602 4090 Oxi„
614 4034 716 4096 jasonis
727 4036 773 4097 qai
784 4033 840 4083 EV.
944 4035 960 4085 7
976 4039 1022 4083 cut
1032 4033 1179 4096 succipitur,
1192 4035 1298 4099 accipi·

137 4117 182 4162 tar
196 4109 256 4161 Βοὴ.
356 4110 388 4159 14
405 4113 538 4173 dedim,
553 4114 593 4164 ds'i
604 4114 729 4164 &absent
740 4114 770 4164 B.
873 4113 904 4162 15
921 4115 944 4163 rt
960 4115 1000 4164 aa
1016 4112 1115 4177 [sum.
1125 4115 1183 4164 sits
1198 4114 1261 4177 ΔΨ,
1276 4118 1300 4167 σι’

135 4194 171 4242 tis
185 4191 249 4242 ΟΨ.
359 4193 391 4245 17
407 4195 498 4244 Medea
509 4194 554 4258 [X]
566 4196 624 4246 Oxl.
636 4201 663 4258 0,
677 4198 760 4246 media
770 4195 841 4254 Vnt,
854 4209 896 4246 see
906 4199 920 4259 5
931 4197 971 4248 67.
1080 4200 1299 4249 commmoratur·

137 4283 180 4325 tar
189 4275 243 4338 [Δ],
253 4276 489 4325 commemorabam
498 4275 612 4326 130qu
624 4278 682 4329 011.
784 4279 815 4330 19
831 4279 948 4342 amahus,
958 4278 1106 4330 comiccGV.
1206 4295 1301 4344 semper

136 4371 187 4409 uss
200 4357 263 4410 fich.
274 4357 341 4421 lla,
353 4373 426 4422 saepo
443 4359 488 4409 Or.
499 4359 547 4410 Ba.
561 4359 628 4410 alter
641 4360 785 4412 Medusae
802 4360 903 4411 Gomm
1001 4359 1033 4410 27
1049 4375 1095 4412 acc
1110 4369 1176 4412 arser
1189 4360 1301 4412 BPa¹v²

134 4440 203 4501 oxa,
213 4441 302 4492 semri
312 4447 338 4490 et
348 4440 446 4492 GEWB
458 4441 510 4492 and
521 4441 647 4507 probably
657 4443 697 4496 ΑΙ.
798 4445 831 4494 78
847 4441 1003 4498 incredibili,
1015 4441 1175 4496 incredibilis
1187 4444 1218 4494 A.
